%YAML 1.1
%TAG !u! tag:unity3d.com,2011:
--- !u!29 &1
OcclusionCullingSettings:
  m_ObjectHideFlags: 0
  serializedVersion: 2
  m_OcclusionBakeSettings:
    smallestOccluder: 5
    smallestHole: 0.25
    backfaceThreshold: 100
  m_SceneGUID: 00000000000000000000000000000000
  m_OcclusionCullingData: {fileID: 0}
--- !u!104 &2
RenderSettings:
  m_ObjectHideFlags: 0
  serializedVersion: 8
  m_Fog: 0
  m_FogColor: {r: 0.5, g: 0.5, b: 0.5, a: 1}
  m_FogMode: 3
  m_FogDensity: 0.01
  m_LinearFogStart: 0
  m_LinearFogEnd: 300
  m_AmbientSkyColor: {r: 0.212, g: 0.227, b: 0.259, a: 1}
  m_AmbientEquatorColor: {r: 0.114, g: 0.125, b: 0.133, a: 1}
  m_AmbientGroundColor: {r: 0.047, g: 0.043, b: 0.035, a: 1}
  m_AmbientIntensity: 1
  m_AmbientMode: 3
  m_SubtractiveShadowColor: {r: 0.42, g: 0.478, b: 0.627, a: 1}
  m_SkyboxMaterial: {fileID: 0}
  m_HaloStrength: 0.5
  m_FlareStrength: 1
  m_FlareFadeSpeed: 3
  m_HaloTexture: {fileID: 0}
  m_SpotCookie: {fileID: 10001, guid: 0000000000000000e000000000000000, type: 0}
  m_DefaultReflectionMode: 0
  m_DefaultReflectionResolution: 128
  m_ReflectionBounces: 1
  m_ReflectionIntensity: 1
  m_CustomReflection: {fileID: 0}
  m_Sun: {fileID: 0}
  m_IndirectSpecularColor: {r: 0, g: 0, b: 0, a: 1}
--- !u!157 &3
LightmapSettings:
  m_ObjectHideFlags: 0
  serializedVersion: 11
  m_GIWorkflowMode: 1
  m_GISettings:
    serializedVersion: 2
    m_BounceScale: 1
    m_IndirectOutputScale: 1
    m_AlbedoBoost: 1
    m_TemporalCoherenceThreshold: 1
    m_EnvironmentLightingMode: 0
    m_EnableBakedLightmaps: 0
    m_EnableRealtimeLightmaps: 0
  m_LightmapEditorSettings:
    serializedVersion: 9
    m_Resolution: 2
    m_BakeResolution: 40
    m_TextureWidth: 1024
    m_TextureHeight: 1024
    m_AO: 0
    m_AOMaxDistance: 1
    m_CompAOExponent: 1
    m_CompAOExponentDirect: 0
    m_Padding: 2
    m_LightmapParameters: {fileID: 0}
    m_LightmapsBakeMode: 1
    m_TextureCompression: 1
    m_FinalGather: 0
    m_FinalGatherFiltering: 1
    m_FinalGatherRayCount: 256
    m_ReflectionCompression: 2
    m_MixedBakeMode: 1
    m_BakeBackend: 0
    m_PVRSampling: 1
    m_PVRDirectSampleCount: 32
    m_PVRSampleCount: 500
    m_PVRBounces: 2
    m_PVRFilterTypeDirect: 0
    m_PVRFilterTypeIndirect: 0
    m_PVRFilterTypeAO: 0
    m_PVRFilteringMode: 1
    m_PVRCulling: 1
    m_PVRFilteringGaussRadiusDirect: 1
    m_PVRFilteringGaussRadiusIndirect: 5
    m_PVRFilteringGaussRadiusAO: 2
    m_PVRFilteringAtrousPositionSigmaDirect: 0.5
    m_PVRFilteringAtrousPositionSigmaIndirect: 2
    m_PVRFilteringAtrousPositionSigmaAO: 1
    m_ShowResolutionOverlay: 1
  m_LightingDataAsset: {fileID: 0}
  m_UseShadowmask: 1
--- !u!196 &4
NavMeshSettings:
  serializedVersion: 2
  m_ObjectHideFlags: 0
  m_BuildSettings:
    serializedVersion: 2
    agentTypeID: 0
    agentRadius: 0.5
    agentHeight: 2
    agentSlope: 45
    agentClimb: 0.4
    ledgeDropHeight: 0
    maxJumpAcrossDistance: 0
    minRegionArea: 2
    manualCellSize: 0
    cellSize: 0.16666667
    manualTileSize: 0
    tileSize: 256
    accuratePlacement: 0
    debug:
      m_Flags: 0
  m_NavMeshData: {fileID: 0}
--- !u!1 &39501778
GameObject:
  m_ObjectHideFlags: 0
  m_PrefabParentObject: {fileID: 0}
  m_PrefabInternal: {fileID: 0}
  serializedVersion: 5
  m_Component:
  - component: {fileID: 39501779}
  m_Layer: 5
  m_Name: Prologue
  m_TagString: Untagged
  m_Icon: {fileID: 0}
  m_NavMeshLayer: 0
  m_StaticEditorFlags: 0
  m_IsActive: 1
--- !u!224 &39501779
RectTransform:
  m_ObjectHideFlags: 0
  m_PrefabParentObject: {fileID: 0}
  m_PrefabInternal: {fileID: 0}
  m_GameObject: {fileID: 39501778}
  m_LocalRotation: {x: -0, y: -0, z: -0, w: 1}
  m_LocalPosition: {x: 0, y: 0, z: 0}
  m_LocalScale: {x: 1.00032, y: 1.00032, z: 1.00032}
  m_Children:
  - {fileID: 1907484147}
  - {fileID: 2055953449}
  m_Father: {fileID: 198429711}
  m_RootOrder: 1
  m_LocalEulerAnglesHint: {x: 0, y: 0, z: 0}
  m_AnchorMin: {x: 0, y: 1}
  m_AnchorMax: {x: 1, y: 1}
  m_AnchoredPosition: {x: -0.000000081956, y: -346}
  m_SizeDelta: {x: -96, y: 777.6}
  m_Pivot: {x: 0.5, y: 1}
--- !u!1 &58596570
GameObject:
  m_ObjectHideFlags: 0
  m_PrefabParentObject: {fileID: 1602993059482302, guid: ae5a6dcc615f49341b0be1c03268a961,
    type: 2}
  m_PrefabInternal: {fileID: 0}
  serializedVersion: 5
  m_Component:
  - component: {fileID: 58596571}
  - component: {fileID: 58596573}
  - component: {fileID: 58596572}
  m_Layer: 5
  m_Name: Text
  m_TagString: Untagged
  m_Icon: {fileID: 0}
  m_NavMeshLayer: 0
  m_StaticEditorFlags: 0
  m_IsActive: 1
--- !u!224 &58596571
RectTransform:
  m_ObjectHideFlags: 0
  m_PrefabParentObject: {fileID: 224442324112548004, guid: ae5a6dcc615f49341b0be1c03268a961,
    type: 2}
  m_PrefabInternal: {fileID: 0}
  m_GameObject: {fileID: 58596570}
  m_LocalRotation: {x: 0, y: 0, z: 0, w: 1}
  m_LocalPosition: {x: 0, y: 0, z: 0}
  m_LocalScale: {x: 1, y: 1, z: 1}
  m_Children:
  - {fileID: 1141499661}
  - {fileID: 306020556}
  - {fileID: 533929108}
  m_Father: {fileID: 2055953449}
  m_RootOrder: 1
  m_LocalEulerAnglesHint: {x: 0, y: 0, z: 0}
  m_AnchorMin: {x: 0, y: 0}
  m_AnchorMax: {x: 1, y: 1}
  m_AnchoredPosition: {x: 0, y: 0}
  m_SizeDelta: {x: -24, y: -24}
  m_Pivot: {x: 0.5, y: 0.5}
--- !u!114 &58596572
MonoBehaviour:
  m_ObjectHideFlags: 0
  m_PrefabParentObject: {fileID: 114347863002576930, guid: ae5a6dcc615f49341b0be1c03268a961,
    type: 2}
  m_PrefabInternal: {fileID: 0}
  m_GameObject: {fileID: 58596570}
  m_Enabled: 1
  m_EditorHideFlags: 0
  m_Script: {fileID: 708705254, guid: f70555f144d8491a825f0804e09c671c, type: 3}
  m_Name: 
  m_EditorClassIdentifier: 
  m_Material: {fileID: 0}
  m_Color: {r: 0.19607843, g: 0.19607843, b: 0.19607843, a: 1}
  m_RaycastTarget: 1
  m_OnCullStateChanged:
    m_PersistentCalls:
      m_Calls: []
    m_TypeName: UnityEngine.UI.MaskableGraphic+CullStateChangedEvent, UnityEngine.UI,
      Version=1.0.0.0, Culture=neutral, PublicKeyToken=null
  m_FontData:
    m_Font: {fileID: 10102, guid: 0000000000000000e000000000000000, type: 0}
    m_FontSize: 56
    m_FontStyle: 0
    m_BestFit: 0
    m_MinSize: 4
    m_MaxSize: 65
    m_Alignment: 0
    m_AlignByGeometry: 0
    m_RichText: 0
    m_HorizontalOverflow: 0
    m_VerticalOverflow: 0
    m_LineSpacing: 1
  m_Text: 
--- !u!222 &58596573
CanvasRenderer:
  m_ObjectHideFlags: 0
  m_PrefabParentObject: {fileID: 222998534070822522, guid: ae5a6dcc615f49341b0be1c03268a961,
    type: 2}
  m_PrefabInternal: {fileID: 0}
  m_GameObject: {fileID: 58596570}
--- !u!1 &80658338
GameObject:
  m_ObjectHideFlags: 0
  m_PrefabParentObject: {fileID: 1892297467585080, guid: ae5a6dcc615f49341b0be1c03268a961,
    type: 2}
  m_PrefabInternal: {fileID: 0}
  serializedVersion: 5
  m_Component:
  - component: {fileID: 80658339}
  - component: {fileID: 80658341}
  - component: {fileID: 80658340}
  m_Layer: 5
  m_Name: Background
  m_TagString: Untagged
  m_Icon: {fileID: 0}
  m_NavMeshLayer: 0
  m_StaticEditorFlags: 0
  m_IsActive: 1
--- !u!224 &80658339
RectTransform:
  m_ObjectHideFlags: 0
  m_PrefabParentObject: {fileID: 224021807022910534, guid: ae5a6dcc615f49341b0be1c03268a961,
    type: 2}
  m_PrefabInternal: {fileID: 0}
  m_GameObject: {fileID: 80658338}
  m_LocalRotation: {x: 0, y: 0, z: 0, w: 1}
  m_LocalPosition: {x: 0, y: 0, z: 0}
  m_LocalScale: {x: 1, y: 1, z: 1}
  m_Children: []
  m_Father: {fileID: 2055953449}
  m_RootOrder: 0
  m_LocalEulerAnglesHint: {x: 0, y: 0, z: 0}
  m_AnchorMin: {x: 0, y: 0}
  m_AnchorMax: {x: 1, y: 1}
  m_AnchoredPosition: {x: 0, y: 0}
  m_SizeDelta: {x: 0, y: 0}
  m_Pivot: {x: 0.5, y: 0.5}
--- !u!114 &80658340
MonoBehaviour:
  m_ObjectHideFlags: 0
  m_PrefabParentObject: {fileID: 114159790797590752, guid: ae5a6dcc615f49341b0be1c03268a961,
    type: 2}
  m_PrefabInternal: {fileID: 0}
  m_GameObject: {fileID: 80658338}
  m_Enabled: 1
  m_EditorHideFlags: 0
  m_Script: {fileID: -765806418, guid: f70555f144d8491a825f0804e09c671c, type: 3}
  m_Name: 
  m_EditorClassIdentifier: 
  m_Material: {fileID: 0}
  m_Color: {r: 1, g: 1, b: 1, a: 1}
  m_RaycastTarget: 1
  m_OnCullStateChanged:
    m_PersistentCalls:
      m_Calls: []
    m_TypeName: UnityEngine.UI.MaskableGraphic+CullStateChangedEvent, UnityEngine.UI,
      Version=1.0.0.0, Culture=neutral, PublicKeyToken=null
  m_Sprite: {fileID: 10911, guid: 0000000000000000f000000000000000, type: 0}
  m_Type: 1
  m_PreserveAspect: 0
  m_FillCenter: 1
  m_FillMethod: 4
  m_FillAmount: 1
  m_FillClockwise: 1
  m_FillOrigin: 0
--- !u!222 &80658341
CanvasRenderer:
  m_ObjectHideFlags: 0
  m_PrefabParentObject: {fileID: 222973587423590756, guid: ae5a6dcc615f49341b0be1c03268a961,
    type: 2}
  m_PrefabInternal: {fileID: 0}
  m_GameObject: {fileID: 80658338}
--- !u!1 &129776307
GameObject:
  m_ObjectHideFlags: 0
  m_PrefabParentObject: {fileID: 0}
  m_PrefabInternal: {fileID: 0}
  serializedVersion: 5
  m_Component:
  - component: {fileID: 129776308}
  - component: {fileID: 129776310}
  - component: {fileID: 129776309}
  m_Layer: 5
  m_Name: Label
  m_TagString: Untagged
  m_Icon: {fileID: 0}
  m_NavMeshLayer: 0
  m_StaticEditorFlags: 0
  m_IsActive: 1
--- !u!224 &129776308
RectTransform:
  m_ObjectHideFlags: 0
  m_PrefabParentObject: {fileID: 0}
  m_PrefabInternal: {fileID: 0}
  m_GameObject: {fileID: 129776307}
  m_LocalRotation: {x: -0, y: -0, z: -0, w: 1}
  m_LocalPosition: {x: 0, y: 0, z: 0}
  m_LocalScale: {x: 1, y: 1, z: 1}
  m_Children: []
  m_Father: {fileID: 1263408154}
  m_RootOrder: 0
  m_LocalEulerAnglesHint: {x: 0, y: 0, z: 0}
  m_AnchorMin: {x: 0, y: 1}
  m_AnchorMax: {x: 1, y: 1}
  m_AnchoredPosition: {x: 0, y: 0}
  m_SizeDelta: {x: 0, y: 64}
  m_Pivot: {x: 0.5, y: 1}
--- !u!114 &129776309
MonoBehaviour:
  m_ObjectHideFlags: 0
  m_PrefabParentObject: {fileID: 0}
  m_PrefabInternal: {fileID: 0}
  m_GameObject: {fileID: 129776307}
  m_Enabled: 1
  m_EditorHideFlags: 0
  m_Script: {fileID: 708705254, guid: f70555f144d8491a825f0804e09c671c, type: 3}
  m_Name: 
  m_EditorClassIdentifier: 
  m_Material: {fileID: 0}
  m_Color: {r: 0.19607843, g: 0.19607843, b: 0.19607843, a: 1}
  m_RaycastTarget: 1
  m_OnCullStateChanged:
    m_PersistentCalls:
      m_Calls: []
    m_TypeName: UnityEngine.UI.MaskableGraphic+CullStateChangedEvent, UnityEngine.UI,
      Version=1.0.0.0, Culture=neutral, PublicKeyToken=null
  m_FontData:
    m_Font: {fileID: 10102, guid: 0000000000000000e000000000000000, type: 0}
    m_FontSize: 56
    m_FontStyle: 1
    m_BestFit: 0
    m_MinSize: 5
    m_MaxSize: 56
    m_Alignment: 0
    m_AlignByGeometry: 0
    m_RichText: 1
    m_HorizontalOverflow: 0
    m_VerticalOverflow: 0
    m_LineSpacing: 1
  m_Text: 'Title:'
--- !u!222 &129776310
CanvasRenderer:
  m_ObjectHideFlags: 0
  m_PrefabParentObject: {fileID: 0}
  m_PrefabInternal: {fileID: 0}
  m_GameObject: {fileID: 129776307}
--- !u!1 &198429710
GameObject:
  m_ObjectHideFlags: 0
  m_PrefabParentObject: {fileID: 0}
  m_PrefabInternal: {fileID: 0}
  serializedVersion: 5
  m_Component:
  - component: {fileID: 198429711}
  - component: {fileID: 198429713}
  - component: {fileID: 198429712}
  m_Layer: 5
  m_Name: View
  m_TagString: Untagged
  m_Icon: {fileID: 0}
  m_NavMeshLayer: 0
  m_StaticEditorFlags: 0
  m_IsActive: 1
--- !u!224 &198429711
RectTransform:
  m_ObjectHideFlags: 0
  m_PrefabParentObject: {fileID: 0}
  m_PrefabInternal: {fileID: 0}
  m_GameObject: {fileID: 198429710}
  m_LocalRotation: {x: -0, y: -0, z: -0, w: 1}
  m_LocalPosition: {x: 0, y: 0, z: 0}
  m_LocalScale: {x: 1, y: 1, z: 1}
  m_Children:
  - {fileID: 1263408154}
  - {fileID: 39501779}
  - {fileID: 1505885284}
  m_Father: {fileID: 1485469174}
  m_RootOrder: 0
  m_LocalEulerAnglesHint: {x: 0, y: 0, z: 0}
  m_AnchorMin: {x: 0, y: 0.5}
  m_AnchorMax: {x: 1, y: 0.5}
  m_AnchoredPosition: {x: 0, y: 0}
  m_SizeDelta: {x: 0, y: 2260}
  m_Pivot: {x: 0.5, y: 0.5}
--- !u!114 &198429712
MonoBehaviour:
  m_ObjectHideFlags: 0
  m_PrefabParentObject: {fileID: 0}
  m_PrefabInternal: {fileID: 0}
  m_GameObject: {fileID: 198429710}
  m_Enabled: 1
  m_EditorHideFlags: 0
  m_Script: {fileID: -765806418, guid: f70555f144d8491a825f0804e09c671c, type: 3}
  m_Name: 
  m_EditorClassIdentifier: 
  m_Material: {fileID: 0}
  m_Color: {r: 0.88235295, g: 0.5519181, b: 0.24036516, a: 1}
  m_RaycastTarget: 1
  m_OnCullStateChanged:
    m_PersistentCalls:
      m_Calls: []
    m_TypeName: UnityEngine.UI.MaskableGraphic+CullStateChangedEvent, UnityEngine.UI,
      Version=1.0.0.0, Culture=neutral, PublicKeyToken=null
  m_Sprite: {fileID: 0}
  m_Type: 0
  m_PreserveAspect: 0
  m_FillCenter: 1
  m_FillMethod: 4
  m_FillAmount: 1
  m_FillClockwise: 1
  m_FillOrigin: 0
--- !u!222 &198429713
CanvasRenderer:
  m_ObjectHideFlags: 0
  m_PrefabParentObject: {fileID: 0}
  m_PrefabInternal: {fileID: 0}
  m_GameObject: {fileID: 198429710}
--- !u!1 &223537244
GameObject:
  m_ObjectHideFlags: 0
  m_PrefabParentObject: {fileID: 1776462935271988, guid: ae5a6dcc615f49341b0be1c03268a961,
    type: 2}
  m_PrefabInternal: {fileID: 0}
  serializedVersion: 5
  m_Component:
  - component: {fileID: 223537245}
  - component: {fileID: 223537247}
  - component: {fileID: 223537246}
  m_Layer: 5
  m_Name: Selection
  m_TagString: Untagged
  m_Icon: {fileID: 0}
  m_NavMeshLayer: 0
  m_StaticEditorFlags: 0
  m_IsActive: 1
--- !u!224 &223537245
RectTransform:
  m_ObjectHideFlags: 0
  m_PrefabParentObject: {fileID: 224196356989894344, guid: ae5a6dcc615f49341b0be1c03268a961,
    type: 2}
  m_PrefabInternal: {fileID: 0}
  m_GameObject: {fileID: 223537244}
  m_LocalRotation: {x: 0, y: 0, z: 0, w: 1}
  m_LocalPosition: {x: 0, y: 0, z: 0}
  m_LocalScale: {x: 1, y: 1, z: 1}
  m_Children: []
  m_Father: {fileID: 247963066}
  m_RootOrder: 2
  m_LocalEulerAnglesHint: {x: 0, y: 0, z: 0}
  m_AnchorMin: {x: 0, y: 0}
  m_AnchorMax: {x: 1, y: 1}
  m_AnchoredPosition: {x: 0, y: 0}
  m_SizeDelta: {x: 0, y: 0}
  m_Pivot: {x: 0.5, y: 0.5}
--- !u!114 &223537246
MonoBehaviour:
  m_ObjectHideFlags: 0
  m_PrefabParentObject: {fileID: 114006101621701676, guid: ae5a6dcc615f49341b0be1c03268a961,
    type: 2}
  m_PrefabInternal: {fileID: 0}
  m_GameObject: {fileID: 223537244}
  m_Enabled: 1
  m_EditorHideFlags: 0
  m_Script: {fileID: 11500000, guid: 45d4701162b50374fa1ab4986f0609f1, type: 3}
  m_Name: 
  m_EditorClassIdentifier: 
  m_Material: {fileID: 0}
  m_Color: {r: 0.65882355, g: 0.80784315, b: 1, a: 0.7529412}
  m_RaycastTarget: 0
--- !u!222 &223537247
CanvasRenderer:
  m_ObjectHideFlags: 0
  m_PrefabParentObject: {fileID: 222064263486813144, guid: ae5a6dcc615f49341b0be1c03268a961,
    type: 2}
  m_PrefabInternal: {fileID: 0}
  m_GameObject: {fileID: 223537244}
--- !u!1 &237073202
GameObject:
  m_ObjectHideFlags: 0
  m_PrefabParentObject: {fileID: 0}
  m_PrefabInternal: {fileID: 0}
  serializedVersion: 5
  m_Component:
  - component: {fileID: 237073205}
  - component: {fileID: 237073204}
  - component: {fileID: 237073203}
  m_Layer: 0
  m_Name: EventSystem
  m_TagString: Untagged
  m_Icon: {fileID: 0}
  m_NavMeshLayer: 0
  m_StaticEditorFlags: 0
  m_IsActive: 1
--- !u!114 &237073203
MonoBehaviour:
  m_ObjectHideFlags: 0
  m_PrefabParentObject: {fileID: 0}
  m_PrefabInternal: {fileID: 0}
  m_GameObject: {fileID: 237073202}
  m_Enabled: 1
  m_EditorHideFlags: 0
  m_Script: {fileID: 1077351063, guid: f70555f144d8491a825f0804e09c671c, type: 3}
  m_Name: 
  m_EditorClassIdentifier: 
  m_HorizontalAxis: Horizontal
  m_VerticalAxis: Vertical
  m_SubmitButton: Submit
  m_CancelButton: Cancel
  m_InputActionsPerSecond: 10
  m_RepeatDelay: 0.5
  m_ForceModuleActive: 0
--- !u!114 &237073204
MonoBehaviour:
  m_ObjectHideFlags: 0
  m_PrefabParentObject: {fileID: 0}
  m_PrefabInternal: {fileID: 0}
  m_GameObject: {fileID: 237073202}
  m_Enabled: 1
  m_EditorHideFlags: 0
  m_Script: {fileID: -619905303, guid: f70555f144d8491a825f0804e09c671c, type: 3}
  m_Name: 
  m_EditorClassIdentifier: 
  m_FirstSelected: {fileID: 0}
  m_sendNavigationEvents: 1
  m_DragThreshold: 5
--- !u!4 &237073205
Transform:
  m_ObjectHideFlags: 0
  m_PrefabParentObject: {fileID: 0}
  m_PrefabInternal: {fileID: 0}
  m_GameObject: {fileID: 237073202}
  m_LocalRotation: {x: 0, y: 0, z: 0, w: 1}
  m_LocalPosition: {x: 0, y: 0, z: 0}
  m_LocalScale: {x: 1, y: 1, z: 1}
  m_Children: []
  m_Father: {fileID: 0}
  m_RootOrder: 2
  m_LocalEulerAnglesHint: {x: 0, y: 0, z: 0}
--- !u!1 &247963065
GameObject:
  m_ObjectHideFlags: 0
  m_PrefabParentObject: {fileID: 1026534445415022, guid: ae5a6dcc615f49341b0be1c03268a961,
    type: 2}
  m_PrefabInternal: {fileID: 0}
  serializedVersion: 5
  m_Component:
  - component: {fileID: 247963066}
  - component: {fileID: 247963068}
  - component: {fileID: 247963067}
  m_Layer: 5
  m_Name: Text
  m_TagString: Untagged
  m_Icon: {fileID: 0}
  m_NavMeshLayer: 0
  m_StaticEditorFlags: 0
  m_IsActive: 1
--- !u!224 &247963066
RectTransform:
  m_ObjectHideFlags: 0
  m_PrefabParentObject: {fileID: 224891304318493494, guid: ae5a6dcc615f49341b0be1c03268a961,
    type: 2}
  m_PrefabInternal: {fileID: 0}
  m_GameObject: {fileID: 247963065}
  m_LocalRotation: {x: 0, y: 0, z: 0, w: 1}
  m_LocalPosition: {x: 0, y: 0, z: 0}
  m_LocalScale: {x: 1, y: 1, z: 1}
  m_Children:
  - {fileID: 1316678360}
  - {fileID: 1135455370}
  - {fileID: 223537245}
  m_Father: {fileID: 1822758634}
  m_RootOrder: 1
  m_LocalEulerAnglesHint: {x: 0, y: 0, z: 0}
  m_AnchorMin: {x: 0, y: 0}
  m_AnchorMax: {x: 1, y: 1}
  m_AnchoredPosition: {x: 0, y: 0}
  m_SizeDelta: {x: -24, y: -24}
  m_Pivot: {x: 0.5, y: 0.5}
--- !u!114 &247963067
MonoBehaviour:
  m_ObjectHideFlags: 0
  m_PrefabParentObject: {fileID: 114871755036409342, guid: ae5a6dcc615f49341b0be1c03268a961,
    type: 2}
  m_PrefabInternal: {fileID: 0}
  m_GameObject: {fileID: 247963065}
  m_Enabled: 1
  m_EditorHideFlags: 0
  m_Script: {fileID: 708705254, guid: f70555f144d8491a825f0804e09c671c, type: 3}
  m_Name: 
  m_EditorClassIdentifier: 
  m_Material: {fileID: 0}
  m_Color: {r: 0.19607843, g: 0.19607843, b: 0.19607843, a: 1}
  m_RaycastTarget: 1
  m_OnCullStateChanged:
    m_PersistentCalls:
      m_Calls: []
    m_TypeName: UnityEngine.UI.MaskableGraphic+CullStateChangedEvent, UnityEngine.UI,
      Version=1.0.0.0, Culture=neutral, PublicKeyToken=null
  m_FontData:
    m_Font: {fileID: 10102, guid: 0000000000000000e000000000000000, type: 0}
    m_FontSize: 56
    m_FontStyle: 0
    m_BestFit: 0
    m_MinSize: 4
    m_MaxSize: 65
    m_Alignment: 0
    m_AlignByGeometry: 0
    m_RichText: 0
    m_HorizontalOverflow: 0
    m_VerticalOverflow: 0
    m_LineSpacing: 1
  m_Text: 
--- !u!222 &247963068
CanvasRenderer:
  m_ObjectHideFlags: 0
  m_PrefabParentObject: {fileID: 222351797606877900, guid: ae5a6dcc615f49341b0be1c03268a961,
    type: 2}
  m_PrefabInternal: {fileID: 0}
  m_GameObject: {fileID: 247963065}
--- !u!1 &266395485
GameObject:
  m_ObjectHideFlags: 0
  m_PrefabParentObject: {fileID: 0}
  m_PrefabInternal: {fileID: 0}
  serializedVersion: 5
  m_Component:
  - component: {fileID: 266395487}
  - component: {fileID: 266395486}
  m_Layer: 0
  m_Name: Control
  m_TagString: Untagged
  m_Icon: {fileID: 0}
  m_NavMeshLayer: 0
  m_StaticEditorFlags: 0
  m_IsActive: 1
--- !u!114 &266395486
MonoBehaviour:
  m_ObjectHideFlags: 0
  m_PrefabParentObject: {fileID: 0}
  m_PrefabInternal: {fileID: 0}
  m_GameObject: {fileID: 266395485}
  m_Enabled: 1
  m_EditorHideFlags: 0
  m_Script: {fileID: 11500000, guid: f91880232fd53964e96d87f3ccf4f01f, type: 3}
  m_Name: 
  m_EditorClassIdentifier: 
  scrollRect: {fileID: 2073269384}
--- !u!4 &266395487
Transform:
  m_ObjectHideFlags: 0
  m_PrefabParentObject: {fileID: 0}
  m_PrefabInternal: {fileID: 0}
  m_GameObject: {fileID: 266395485}
  m_LocalRotation: {x: 0, y: 0, z: 0, w: 1}
  m_LocalPosition: {x: 0, y: 0, z: 0}
  m_LocalScale: {x: 1, y: 1, z: 1}
  m_Children: []
  m_Father: {fileID: 0}
  m_RootOrder: 3
  m_LocalEulerAnglesHint: {x: 0, y: 0, z: 0}
--- !u!1 &306020555
GameObject:
  m_ObjectHideFlags: 0
  m_PrefabParentObject: {fileID: 1220166550679180, guid: ae5a6dcc615f49341b0be1c03268a961,
    type: 2}
  m_PrefabInternal: {fileID: 0}
  serializedVersion: 5
  m_Component:
  - component: {fileID: 306020556}
  - component: {fileID: 306020558}
  - component: {fileID: 306020557}
  m_Layer: 5
  m_Name: Caret
  m_TagString: Untagged
  m_Icon: {fileID: 0}
  m_NavMeshLayer: 0
  m_StaticEditorFlags: 0
  m_IsActive: 1
--- !u!224 &306020556
RectTransform:
  m_ObjectHideFlags: 0
  m_PrefabParentObject: {fileID: 224252088544556606, guid: ae5a6dcc615f49341b0be1c03268a961,
    type: 2}
  m_PrefabInternal: {fileID: 0}
  m_GameObject: {fileID: 306020555}
  m_LocalRotation: {x: -0, y: -0, z: -0, w: 1}
  m_LocalPosition: {x: 0, y: 0, z: 0}
  m_LocalScale: {x: 1, y: 1, z: 1}
  m_Children: []
  m_Father: {fileID: 58596571}
  m_RootOrder: 1
  m_LocalEulerAnglesHint: {x: 0, y: 0, z: 0}
  m_AnchorMin: {x: 0.5, y: 0.5}
  m_AnchorMax: {x: 0.5, y: 0.5}
  m_AnchoredPosition: {x: -464, y: 228}
  m_SizeDelta: {x: 2, y: 64}
  m_Pivot: {x: 0, y: 1}
--- !u!114 &306020557
MonoBehaviour:
  m_ObjectHideFlags: 0
  m_PrefabParentObject: {fileID: 114960335439284022, guid: ae5a6dcc615f49341b0be1c03268a961,
    type: 2}
  m_PrefabInternal: {fileID: 0}
  m_GameObject: {fileID: 306020555}
  m_Enabled: 1
  m_EditorHideFlags: 0
  m_Script: {fileID: -765806418, guid: f70555f144d8491a825f0804e09c671c, type: 3}
  m_Name: 
  m_EditorClassIdentifier: 
  m_Material: {fileID: 0}
  m_Color: {r: 0.5019608, g: 0.5019608, b: 0.5019608, a: 1}
  m_RaycastTarget: 1
  m_OnCullStateChanged:
    m_PersistentCalls:
      m_Calls: []
    m_TypeName: UnityEngine.UI.MaskableGraphic+CullStateChangedEvent, UnityEngine.UI,
      Version=1.0.0.0, Culture=neutral, PublicKeyToken=null
  m_Sprite: {fileID: 0}
  m_Type: 0
  m_PreserveAspect: 0
  m_FillCenter: 1
  m_FillMethod: 4
  m_FillAmount: 1
  m_FillClockwise: 1
  m_FillOrigin: 0
--- !u!222 &306020558
CanvasRenderer:
  m_ObjectHideFlags: 0
  m_PrefabParentObject: {fileID: 222081890803189936, guid: ae5a6dcc615f49341b0be1c03268a961,
    type: 2}
  m_PrefabInternal: {fileID: 0}
  m_GameObject: {fileID: 306020555}
--- !u!1 &313162157
GameObject:
  m_ObjectHideFlags: 0
  m_PrefabParentObject: {fileID: 1220166550679180, guid: ae5a6dcc615f49341b0be1c03268a961,
    type: 2}
  m_PrefabInternal: {fileID: 0}
  serializedVersion: 5
  m_Component:
  - component: {fileID: 313162158}
  - component: {fileID: 313162160}
  - component: {fileID: 313162159}
  m_Layer: 5
  m_Name: Caret
  m_TagString: Untagged
  m_Icon: {fileID: 0}
  m_NavMeshLayer: 0
  m_StaticEditorFlags: 0
  m_IsActive: 1
--- !u!224 &313162158
RectTransform:
  m_ObjectHideFlags: 0
  m_PrefabParentObject: {fileID: 224252088544556606, guid: ae5a6dcc615f49341b0be1c03268a961,
    type: 2}
  m_PrefabInternal: {fileID: 0}
  m_GameObject: {fileID: 313162157}
  m_LocalRotation: {x: -0, y: -0, z: -0, w: 1}
  m_LocalPosition: {x: 0, y: 0, z: 0}
  m_LocalScale: {x: 1, y: 1, z: 1}
  m_Children: []
  m_Father: {fileID: 1148116375}
  m_RootOrder: 1
  m_LocalEulerAnglesHint: {x: 0, y: 0, z: 0}
  m_AnchorMin: {x: 0.5, y: 0.5}
  m_AnchorMax: {x: 0.5, y: 0.5}
  m_AnchoredPosition: {x: -464, y: 228}
  m_SizeDelta: {x: 2, y: 64}
  m_Pivot: {x: 0, y: 1}
--- !u!114 &313162159
MonoBehaviour:
  m_ObjectHideFlags: 0
  m_PrefabParentObject: {fileID: 114960335439284022, guid: ae5a6dcc615f49341b0be1c03268a961,
    type: 2}
  m_PrefabInternal: {fileID: 0}
  m_GameObject: {fileID: 313162157}
  m_Enabled: 1
  m_EditorHideFlags: 0
  m_Script: {fileID: -765806418, guid: f70555f144d8491a825f0804e09c671c, type: 3}
  m_Name: 
  m_EditorClassIdentifier: 
  m_Material: {fileID: 0}
  m_Color: {r: 0.5019608, g: 0.5019608, b: 0.5019608, a: 1}
  m_RaycastTarget: 1
  m_OnCullStateChanged:
    m_PersistentCalls:
      m_Calls: []
    m_TypeName: UnityEngine.UI.MaskableGraphic+CullStateChangedEvent, UnityEngine.UI,
      Version=1.0.0.0, Culture=neutral, PublicKeyToken=null
  m_Sprite: {fileID: 0}
  m_Type: 0
  m_PreserveAspect: 0
  m_FillCenter: 1
  m_FillMethod: 4
  m_FillAmount: 1
  m_FillClockwise: 1
  m_FillOrigin: 0
--- !u!222 &313162160
CanvasRenderer:
  m_ObjectHideFlags: 0
  m_PrefabParentObject: {fileID: 222081890803189936, guid: ae5a6dcc615f49341b0be1c03268a961,
    type: 2}
  m_PrefabInternal: {fileID: 0}
  m_GameObject: {fileID: 313162157}
--- !u!1 &362924529
GameObject:
  m_ObjectHideFlags: 0
  m_PrefabParentObject: {fileID: 1228144954296914, guid: ae5a6dcc615f49341b0be1c03268a961,
    type: 2}
  m_PrefabInternal: {fileID: 0}
  serializedVersion: 5
  m_Component:
  - component: {fileID: 362924530}
  - component: {fileID: 362924532}
  - component: {fileID: 362924531}
  m_Layer: 5
  m_Name: Background
  m_TagString: Untagged
  m_Icon: {fileID: 0}
  m_NavMeshLayer: 0
  m_StaticEditorFlags: 0
  m_IsActive: 1
--- !u!224 &362924530
RectTransform:
  m_ObjectHideFlags: 0
  m_PrefabParentObject: {fileID: 224189703778005522, guid: ae5a6dcc615f49341b0be1c03268a961,
    type: 2}
  m_PrefabInternal: {fileID: 0}
  m_GameObject: {fileID: 362924529}
  m_LocalRotation: {x: 0, y: 0, z: 0, w: 1}
  m_LocalPosition: {x: 0, y: 0, z: 0}
  m_LocalScale: {x: 1, y: 1, z: 1}
  m_Children: []
  m_Father: {fileID: 1822758634}
  m_RootOrder: 0
  m_LocalEulerAnglesHint: {x: 0, y: 0, z: 0}
  m_AnchorMin: {x: 0, y: 0}
  m_AnchorMax: {x: 1, y: 1}
  m_AnchoredPosition: {x: 0, y: 0}
  m_SizeDelta: {x: 0, y: 0}
  m_Pivot: {x: 0.5, y: 0.5}
--- !u!114 &362924531
MonoBehaviour:
  m_ObjectHideFlags: 0
  m_PrefabParentObject: {fileID: 114721995423746124, guid: ae5a6dcc615f49341b0be1c03268a961,
    type: 2}
  m_PrefabInternal: {fileID: 0}
  m_GameObject: {fileID: 362924529}
  m_Enabled: 1
  m_EditorHideFlags: 0
  m_Script: {fileID: -765806418, guid: f70555f144d8491a825f0804e09c671c, type: 3}
  m_Name: 
  m_EditorClassIdentifier: 
  m_Material: {fileID: 0}
  m_Color: {r: 1, g: 1, b: 1, a: 1}
  m_RaycastTarget: 1
  m_OnCullStateChanged:
    m_PersistentCalls:
      m_Calls: []
    m_TypeName: UnityEngine.UI.MaskableGraphic+CullStateChangedEvent, UnityEngine.UI,
      Version=1.0.0.0, Culture=neutral, PublicKeyToken=null
  m_Sprite: {fileID: 10911, guid: 0000000000000000f000000000000000, type: 0}
  m_Type: 1
  m_PreserveAspect: 0
  m_FillCenter: 1
  m_FillMethod: 4
  m_FillAmount: 1
  m_FillClockwise: 1
  m_FillOrigin: 0
--- !u!222 &362924532
CanvasRenderer:
  m_ObjectHideFlags: 0
  m_PrefabParentObject: {fileID: 222168673750304070, guid: ae5a6dcc615f49341b0be1c03268a961,
    type: 2}
  m_PrefabInternal: {fileID: 0}
  m_GameObject: {fileID: 362924529}
--- !u!1 &533929107
GameObject:
  m_ObjectHideFlags: 0
  m_PrefabParentObject: {fileID: 1721867527431514, guid: ae5a6dcc615f49341b0be1c03268a961,
    type: 2}
  m_PrefabInternal: {fileID: 0}
  serializedVersion: 5
  m_Component:
  - component: {fileID: 533929108}
  - component: {fileID: 533929110}
  - component: {fileID: 533929109}
  m_Layer: 5
  m_Name: Selection
  m_TagString: Untagged
  m_Icon: {fileID: 0}
  m_NavMeshLayer: 0
  m_StaticEditorFlags: 0
  m_IsActive: 1
--- !u!224 &533929108
RectTransform:
  m_ObjectHideFlags: 0
  m_PrefabParentObject: {fileID: 224735899676240776, guid: ae5a6dcc615f49341b0be1c03268a961,
    type: 2}
  m_PrefabInternal: {fileID: 0}
  m_GameObject: {fileID: 533929107}
  m_LocalRotation: {x: 0, y: 0, z: 0, w: 1}
  m_LocalPosition: {x: 0, y: 0, z: 0}
  m_LocalScale: {x: 1, y: 1, z: 1}
  m_Children: []
  m_Father: {fileID: 58596571}
  m_RootOrder: 2
  m_LocalEulerAnglesHint: {x: 0, y: 0, z: 0}
  m_AnchorMin: {x: 0, y: 0}
  m_AnchorMax: {x: 1, y: 1}
  m_AnchoredPosition: {x: 0, y: 0}
  m_SizeDelta: {x: 0, y: 0}
  m_Pivot: {x: 0.5, y: 0.5}
--- !u!114 &533929109
MonoBehaviour:
  m_ObjectHideFlags: 0
  m_PrefabParentObject: {fileID: 114733365418355512, guid: ae5a6dcc615f49341b0be1c03268a961,
    type: 2}
  m_PrefabInternal: {fileID: 0}
  m_GameObject: {fileID: 533929107}
  m_Enabled: 1
  m_EditorHideFlags: 0
  m_Script: {fileID: 11500000, guid: 45d4701162b50374fa1ab4986f0609f1, type: 3}
  m_Name: 
  m_EditorClassIdentifier: 
  m_Material: {fileID: 0}
  m_Color: {r: 0.65882355, g: 0.80784315, b: 1, a: 0.7529412}
  m_RaycastTarget: 0
--- !u!222 &533929110
CanvasRenderer:
  m_ObjectHideFlags: 0
  m_PrefabParentObject: {fileID: 222730203554483722, guid: ae5a6dcc615f49341b0be1c03268a961,
    type: 2}
  m_PrefabInternal: {fileID: 0}
  m_GameObject: {fileID: 533929107}
--- !u!1 &621891918
GameObject:
  m_ObjectHideFlags: 0
  m_PrefabParentObject: {fileID: 1827063854809326, guid: ae5a6dcc615f49341b0be1c03268a961,
    type: 2}
  m_PrefabInternal: {fileID: 0}
  serializedVersion: 5
  m_Component:
  - component: {fileID: 621891919}
  - component: {fileID: 621891920}
  m_Layer: 5
  m_Name: InputField
  m_TagString: Untagged
  m_Icon: {fileID: 0}
  m_NavMeshLayer: 0
  m_StaticEditorFlags: 0
  m_IsActive: 1
--- !u!224 &621891919
RectTransform:
  m_ObjectHideFlags: 0
  m_PrefabParentObject: {fileID: 224140689169862108, guid: ae5a6dcc615f49341b0be1c03268a961,
    type: 2}
  m_PrefabInternal: {fileID: 0}
  m_GameObject: {fileID: 621891918}
  m_LocalRotation: {x: -0, y: -0, z: -0, w: 1}
  m_LocalPosition: {x: 0, y: 0, z: 0}
  m_LocalScale: {x: 1, y: 1, z: 1}
  m_Children:
  - {fileID: 1689729893}
  - {fileID: 1148116375}
  m_Father: {fileID: 1505885284}
  m_RootOrder: 1
  m_LocalEulerAnglesHint: {x: 0, y: 0, z: 0}
  m_AnchorMin: {x: 0, y: 0}
  m_AnchorMax: {x: 1, y: 1}
  m_AnchoredPosition: {x: 0, y: 80}
  m_SizeDelta: {x: 0, y: -160}
  m_Pivot: {x: 0.5, y: 0}
--- !u!114 &621891920
MonoBehaviour:
  m_ObjectHideFlags: 0
  m_PrefabParentObject: {fileID: 114214897713439922, guid: ae5a6dcc615f49341b0be1c03268a961,
    type: 2}
  m_PrefabInternal: {fileID: 0}
  m_GameObject: {fileID: 621891918}
  m_Enabled: 1
  m_EditorHideFlags: 0
  m_Script: {fileID: 11500000, guid: ab25112ac4e182644964306dd56760cc, type: 3}
  m_Name: 
  m_EditorClassIdentifier: 
  m_Navigation:
    m_Mode: 3
    m_SelectOnUp: {fileID: 0}
    m_SelectOnDown: {fileID: 0}
    m_SelectOnLeft: {fileID: 0}
    m_SelectOnRight: {fileID: 0}
  m_Transition: 1
  m_Colors:
    m_NormalColor: {r: 1, g: 1, b: 1, a: 1}
    m_HighlightedColor: {r: 1, g: 1, b: 1, a: 1}
    m_PressedColor: {r: 1, g: 1, b: 1, a: 1}
    m_DisabledColor: {r: 0.78431374, g: 0.78431374, b: 0.78431374, a: 1}
    m_ColorMultiplier: 1
    m_FadeDuration: 0.1
  m_SpriteState:
    m_HighlightedSprite: {fileID: 0}
    m_PressedSprite: {fileID: 0}
    m_DisabledSprite: {fileID: 0}
  m_AnimationTriggers:
    m_NormalTrigger: Normal
    m_HighlightedTrigger: Highlighted
    m_PressedTrigger: Pressed
    m_DisabledTrigger: Disabled
  m_Interactable: 1
  m_TargetGraphic: {fileID: 1689729894}
  textRenderer: {fileID: 1148116376}
  processedTextRenderer: {fileID: 1648725377}
  caretRenderer: {fileID: 313162159}
  selectionRenderer: {fileID: 918734714}
  text: 
  placeholderText: Main story...
  characterLimit: 0
  contentType: 11
  lineType: 2
  inputType: 0
  keyboardType: 0
  characterValidation: 7
  lineCount: 0
  liveProcessingFilter: {fileID: 0}
  postProcessingFilter: {fileID: 0}
  caretOnBeginEdit: 0
  caretBlinkRate: 1
  caretWidth: 3
  caretColor: {r: 0.19607843, g: 0.19607843, b: 0.19607843, a: 1}
  selectionColor: {r: 0.65882355, g: 0.80784315, b: 1, a: 0.7529412}
  readOnly: 0
  onSelectionChanged:
    m_PersistentCalls:
      m_Calls: []
    m_TypeName: AdvancedInputFieldPlugin.AdvancedInputField+SelectionChangedEvent,
      Assembly-CSharp-firstpass, Version=0.0.0.0, Culture=neutral, PublicKeyToken=null
  onBeginEdit:
    m_PersistentCalls:
      m_Calls: []
    m_TypeName: AdvancedInputFieldPlugin.AdvancedInputField+BeginEditEvent, Assembly-CSharp-firstpass,
      Version=0.0.0.0, Culture=neutral, PublicKeyToken=null
  onEndEdit:
    m_PersistentCalls:
      m_Calls: []
    m_TypeName: AdvancedInputFieldPlugin.AdvancedInputField+EndEditEvent, Assembly-CSharp-firstpass,
      Version=0.0.0.0, Culture=neutral, PublicKeyToken=null
  onValueChanged:
    m_PersistentCalls:
      m_Calls: []
    m_TypeName: AdvancedInputFieldPlugin.AdvancedInputField+ValueChangedEvent, Assembly-CSharp-firstpass,
      Version=0.0.0.0, Culture=neutral, PublicKeyToken=null
  onCaretPositionChanged:
    m_PersistentCalls:
      m_Calls: []
    m_TypeName: AdvancedInputFieldPlugin.AdvancedInputField+CaretPositionChangedEvent,
      Assembly-CSharp-firstpass, Version=0.0.0.0, Culture=neutral, PublicKeyToken=null
  onTextSelectionChanged:
    m_PersistentCalls:
      m_Calls: []
    m_TypeName: AdvancedInputFieldPlugin.AdvancedInputField+TextSelectionChangedEvent,
      Assembly-CSharp-firstpass, Version=0.0.0.0, Culture=neutral, PublicKeyToken=null
  actionBar: 1
  actionBarCut: 1
  actionBarCopy: 1
  actionBarPaste: 1
  actionBarSelectAll: 1
  selectionCursors: 1
  autocapitalizationType: 0
  nextInputField: {fileID: 0}
--- !u!1 &748248471
GameObject:
  m_ObjectHideFlags: 0
  m_PrefabParentObject: {fileID: 0}
  m_PrefabInternal: {fileID: 0}
  serializedVersion: 5
  m_Component:
  - component: {fileID: 748248476}
  - component: {fileID: 748248475}
  - component: {fileID: 748248474}
  - component: {fileID: 748248473}
  - component: {fileID: 748248472}
  m_Layer: 0
  m_Name: Main Camera
  m_TagString: MainCamera
  m_Icon: {fileID: 0}
  m_NavMeshLayer: 0
  m_StaticEditorFlags: 0
  m_IsActive: 1
--- !u!81 &748248472
AudioListener:
  m_ObjectHideFlags: 0
  m_PrefabParentObject: {fileID: 0}
  m_PrefabInternal: {fileID: 0}
  m_GameObject: {fileID: 748248471}
  m_Enabled: 1
--- !u!124 &748248473
Behaviour:
  m_ObjectHideFlags: 0
  m_PrefabParentObject: {fileID: 0}
  m_PrefabInternal: {fileID: 0}
  m_GameObject: {fileID: 748248471}
  m_Enabled: 1
--- !u!92 &748248474
Behaviour:
  m_ObjectHideFlags: 0
  m_PrefabParentObject: {fileID: 0}
  m_PrefabInternal: {fileID: 0}
  m_GameObject: {fileID: 748248471}
  m_Enabled: 1
--- !u!20 &748248475
Camera:
  m_ObjectHideFlags: 0
  m_PrefabParentObject: {fileID: 0}
  m_PrefabInternal: {fileID: 0}
  m_GameObject: {fileID: 748248471}
  m_Enabled: 1
  serializedVersion: 2
  m_ClearFlags: 1
  m_BackGroundColor: {r: 0.19215687, g: 0.3019608, b: 0.4745098, a: 0}
  m_NormalizedViewPortRect:
    serializedVersion: 2
    x: 0
    y: 0
    width: 1
    height: 1
  near clip plane: 0.3
  far clip plane: 1000
  field of view: 60
  orthographic: 1
  orthographic size: 5
  m_Depth: -1
  m_CullingMask:
    serializedVersion: 2
    m_Bits: 4294967295
  m_RenderingPath: -1
  m_TargetTexture: {fileID: 0}
  m_TargetDisplay: 0
  m_TargetEye: 3
  m_HDR: 0
  m_AllowMSAA: 1
  m_AllowDynamicResolution: 0
  m_ForceIntoRT: 0
  m_OcclusionCulling: 1
  m_StereoConvergence: 10
  m_StereoSeparation: 0.022
--- !u!4 &748248476
Transform:
  m_ObjectHideFlags: 0
  m_PrefabParentObject: {fileID: 0}
  m_PrefabInternal: {fileID: 0}
  m_GameObject: {fileID: 748248471}
  m_LocalRotation: {x: 0, y: 0, z: 0, w: 1}
  m_LocalPosition: {x: 0, y: 0, z: -10}
  m_LocalScale: {x: 1, y: 1, z: 1}
  m_Children: []
  m_Father: {fileID: 0}
  m_RootOrder: 0
  m_LocalEulerAnglesHint: {x: 0, y: 0, z: 0}
--- !u!1 &838936605
GameObject:
  m_ObjectHideFlags: 0
  m_PrefabParentObject: {fileID: 1042227684249730, guid: 23dea4e06510ec64f9ac7470a7ac81c1,
    type: 2}
  m_PrefabInternal: {fileID: 0}
  serializedVersion: 5
  m_Component:
  - component: {fileID: 838936606}
  - component: {fileID: 838936609}
  - component: {fileID: 838936608}
  - component: {fileID: 838936607}
  m_Layer: 5
  m_Name: Viewport
  m_TagString: Untagged
  m_Icon: {fileID: 0}
  m_NavMeshLayer: 0
  m_StaticEditorFlags: 0
  m_IsActive: 1
--- !u!224 &838936606
RectTransform:
  m_ObjectHideFlags: 0
  m_PrefabParentObject: {fileID: 224426005822979754, guid: 23dea4e06510ec64f9ac7470a7ac81c1,
    type: 2}
  m_PrefabInternal: {fileID: 0}
  m_GameObject: {fileID: 838936605}
  m_LocalRotation: {x: 0, y: 0, z: 0, w: 1}
  m_LocalPosition: {x: 0, y: 0, z: 0}
  m_LocalScale: {x: 1, y: 1, z: 1}
  m_Children:
  - {fileID: 1485469174}
  m_Father: {fileID: 2073269380}
  m_RootOrder: 0
  m_LocalEulerAnglesHint: {x: 0, y: 0, z: 0}
  m_AnchorMin: {x: 0, y: 0}
  m_AnchorMax: {x: 1, y: 1}
  m_AnchoredPosition: {x: 0, y: 0}
  m_SizeDelta: {x: -17, y: 0}
  m_Pivot: {x: 0.5, y: 0.5}
--- !u!114 &838936607
MonoBehaviour:
  m_ObjectHideFlags: 0
  m_PrefabParentObject: {fileID: 114506836955587652, guid: 23dea4e06510ec64f9ac7470a7ac81c1,
    type: 2}
  m_PrefabInternal: {fileID: 0}
  m_GameObject: {fileID: 838936605}
  m_Enabled: 1
  m_EditorHideFlags: 0
  m_Script: {fileID: -765806418, guid: f70555f144d8491a825f0804e09c671c, type: 3}
  m_Name: 
  m_EditorClassIdentifier: 
  m_Material: {fileID: 0}
  m_Color: {r: 1, g: 1, b: 1, a: 1}
  m_RaycastTarget: 1
  m_OnCullStateChanged:
    m_PersistentCalls:
      m_Calls: []
    m_TypeName: UnityEngine.UI.MaskableGraphic+CullStateChangedEvent, UnityEngine.UI,
      Version=1.0.0.0, Culture=neutral, PublicKeyToken=null
  m_Sprite: {fileID: 10917, guid: 0000000000000000f000000000000000, type: 0}
  m_Type: 1
  m_PreserveAspect: 0
  m_FillCenter: 1
  m_FillMethod: 4
  m_FillAmount: 1
  m_FillClockwise: 1
  m_FillOrigin: 0
--- !u!222 &838936608
CanvasRenderer:
  m_ObjectHideFlags: 0
  m_PrefabParentObject: {fileID: 222574918130385034, guid: 23dea4e06510ec64f9ac7470a7ac81c1,
    type: 2}
  m_PrefabInternal: {fileID: 0}
  m_GameObject: {fileID: 838936605}
--- !u!114 &838936609
MonoBehaviour:
  m_ObjectHideFlags: 0
  m_PrefabParentObject: {fileID: 114895243508990918, guid: 23dea4e06510ec64f9ac7470a7ac81c1,
    type: 2}
  m_PrefabInternal: {fileID: 0}
  m_GameObject: {fileID: 838936605}
  m_Enabled: 1
  m_EditorHideFlags: 0
  m_Script: {fileID: -1200242548, guid: f70555f144d8491a825f0804e09c671c, type: 3}
  m_Name: 
  m_EditorClassIdentifier: 
  m_ShowMaskGraphic: 0
--- !u!1 &866076804
GameObject:
  m_ObjectHideFlags: 0
  m_PrefabParentObject: {fileID: 1631447801802082, guid: 23dea4e06510ec64f9ac7470a7ac81c1,
    type: 2}
  m_PrefabInternal: {fileID: 0}
  serializedVersion: 5
  m_Component:
  - component: {fileID: 866076805}
  - component: {fileID: 866076807}
  - component: {fileID: 866076806}
  m_Layer: 5
  m_Name: Handle
  m_TagString: Untagged
  m_Icon: {fileID: 0}
  m_NavMeshLayer: 0
  m_StaticEditorFlags: 0
  m_IsActive: 1
--- !u!224 &866076805
RectTransform:
  m_ObjectHideFlags: 0
  m_PrefabParentObject: {fileID: 224187482285070380, guid: 23dea4e06510ec64f9ac7470a7ac81c1,
    type: 2}
  m_PrefabInternal: {fileID: 0}
  m_GameObject: {fileID: 866076804}
  m_LocalRotation: {x: 0, y: 0, z: 0, w: 1}
  m_LocalPosition: {x: 0, y: 0, z: 0}
  m_LocalScale: {x: 1, y: 1, z: 1}
  m_Children: []
  m_Father: {fileID: 1194699411}
  m_RootOrder: 0
  m_LocalEulerAnglesHint: {x: 0, y: 0, z: 0}
  m_AnchorMin: {x: 0, y: 0}
  m_AnchorMax: {x: 0, y: 0}
  m_AnchoredPosition: {x: 0, y: 0}
  m_SizeDelta: {x: 20, y: 20}
  m_Pivot: {x: 0.5, y: 0.5}
--- !u!114 &866076806
MonoBehaviour:
  m_ObjectHideFlags: 0
  m_PrefabParentObject: {fileID: 114488444392157298, guid: 23dea4e06510ec64f9ac7470a7ac81c1,
    type: 2}
  m_PrefabInternal: {fileID: 0}
  m_GameObject: {fileID: 866076804}
  m_Enabled: 1
  m_EditorHideFlags: 0
  m_Script: {fileID: -765806418, guid: f70555f144d8491a825f0804e09c671c, type: 3}
  m_Name: 
  m_EditorClassIdentifier: 
  m_Material: {fileID: 0}
  m_Color: {r: 1, g: 1, b: 1, a: 1}
  m_RaycastTarget: 1
  m_OnCullStateChanged:
    m_PersistentCalls:
      m_Calls: []
    m_TypeName: UnityEngine.UI.MaskableGraphic+CullStateChangedEvent, UnityEngine.UI,
      Version=1.0.0.0, Culture=neutral, PublicKeyToken=null
  m_Sprite: {fileID: 10905, guid: 0000000000000000f000000000000000, type: 0}
  m_Type: 1
  m_PreserveAspect: 0
  m_FillCenter: 1
  m_FillMethod: 4
  m_FillAmount: 1
  m_FillClockwise: 1
  m_FillOrigin: 0
--- !u!222 &866076807
CanvasRenderer:
  m_ObjectHideFlags: 0
  m_PrefabParentObject: {fileID: 222219286992571626, guid: 23dea4e06510ec64f9ac7470a7ac81c1,
    type: 2}
  m_PrefabInternal: {fileID: 0}
  m_GameObject: {fileID: 866076804}
--- !u!1 &918734712
GameObject:
  m_ObjectHideFlags: 0
  m_PrefabParentObject: {fileID: 1721867527431514, guid: ae5a6dcc615f49341b0be1c03268a961,
    type: 2}
  m_PrefabInternal: {fileID: 0}
  serializedVersion: 5
  m_Component:
  - component: {fileID: 918734713}
  - component: {fileID: 918734715}
  - component: {fileID: 918734714}
  m_Layer: 5
  m_Name: Selection
  m_TagString: Untagged
  m_Icon: {fileID: 0}
  m_NavMeshLayer: 0
  m_StaticEditorFlags: 0
  m_IsActive: 1
--- !u!224 &918734713
RectTransform:
  m_ObjectHideFlags: 0
  m_PrefabParentObject: {fileID: 224735899676240776, guid: ae5a6dcc615f49341b0be1c03268a961,
    type: 2}
  m_PrefabInternal: {fileID: 0}
  m_GameObject: {fileID: 918734712}
  m_LocalRotation: {x: 0, y: 0, z: 0, w: 1}
  m_LocalPosition: {x: 0, y: 0, z: 0}
  m_LocalScale: {x: 1, y: 1, z: 1}
  m_Children: []
  m_Father: {fileID: 1148116375}
  m_RootOrder: 2
  m_LocalEulerAnglesHint: {x: 0, y: 0, z: 0}
  m_AnchorMin: {x: 0, y: 0}
  m_AnchorMax: {x: 1, y: 1}
  m_AnchoredPosition: {x: 0, y: 0}
  m_SizeDelta: {x: 0, y: 0}
  m_Pivot: {x: 0.5, y: 0.5}
--- !u!114 &918734714
MonoBehaviour:
  m_ObjectHideFlags: 0
  m_PrefabParentObject: {fileID: 114733365418355512, guid: ae5a6dcc615f49341b0be1c03268a961,
    type: 2}
  m_PrefabInternal: {fileID: 0}
  m_GameObject: {fileID: 918734712}
  m_Enabled: 1
  m_EditorHideFlags: 0
  m_Script: {fileID: 11500000, guid: 45d4701162b50374fa1ab4986f0609f1, type: 3}
  m_Name: 
  m_EditorClassIdentifier: 
  m_Material: {fileID: 0}
  m_Color: {r: 0.65882355, g: 0.80784315, b: 1, a: 0.7529412}
  m_RaycastTarget: 0
--- !u!222 &918734715
CanvasRenderer:
  m_ObjectHideFlags: 0
  m_PrefabParentObject: {fileID: 222730203554483722, guid: ae5a6dcc615f49341b0be1c03268a961,
    type: 2}
  m_PrefabInternal: {fileID: 0}
  m_GameObject: {fileID: 918734712}
--- !u!1 &1075915956
GameObject:
  m_ObjectHideFlags: 0
  m_PrefabParentObject: {fileID: 0}
  m_PrefabInternal: {fileID: 0}
  serializedVersion: 5
  m_Component:
  - component: {fileID: 1075915957}
  - component: {fileID: 1075915959}
  - component: {fileID: 1075915958}
  m_Layer: 5
  m_Name: EndLabel
  m_TagString: Untagged
  m_Icon: {fileID: 0}
  m_NavMeshLayer: 0
  m_StaticEditorFlags: 0
  m_IsActive: 1
--- !u!224 &1075915957
RectTransform:
  m_ObjectHideFlags: 0
  m_PrefabParentObject: {fileID: 0}
  m_PrefabInternal: {fileID: 0}
  m_GameObject: {fileID: 1075915956}
  m_LocalRotation: {x: -0, y: -0, z: -0, w: 1}
  m_LocalPosition: {x: 0, y: 0, z: 0}
  m_LocalScale: {x: 1.000123, y: 1.000123, z: 1.000123}
  m_Children: []
  m_Father: {fileID: 1505885284}
  m_RootOrder: 2
  m_LocalEulerAnglesHint: {x: 0, y: 0, z: 0}
  m_AnchorMin: {x: 0, y: 0}
  m_AnchorMax: {x: 1, y: 0}
  m_AnchoredPosition: {x: 0, y: 0}
  m_SizeDelta: {x: -16, y: 64}
  m_Pivot: {x: 0.5, y: 0}
--- !u!114 &1075915958
MonoBehaviour:
  m_ObjectHideFlags: 0
  m_PrefabParentObject: {fileID: 0}
  m_PrefabInternal: {fileID: 0}
  m_GameObject: {fileID: 1075915956}
  m_Enabled: 1
  m_EditorHideFlags: 0
  m_Script: {fileID: 708705254, guid: f70555f144d8491a825f0804e09c671c, type: 3}
  m_Name: 
  m_EditorClassIdentifier: 
  m_Material: {fileID: 0}
  m_Color: {r: 0.19607843, g: 0.19607843, b: 0.19607843, a: 1}
  m_RaycastTarget: 1
  m_OnCullStateChanged:
    m_PersistentCalls:
      m_Calls: []
    m_TypeName: UnityEngine.UI.MaskableGraphic+CullStateChangedEvent, UnityEngine.UI,
      Version=1.0.0.0, Culture=neutral, PublicKeyToken=null
  m_FontData:
    m_Font: {fileID: 10102, guid: 0000000000000000e000000000000000, type: 0}
    m_FontSize: 56
    m_FontStyle: 1
    m_BestFit: 0
    m_MinSize: 5
    m_MaxSize: 56
    m_Alignment: 0
    m_AlignByGeometry: 0
    m_RichText: 1
    m_HorizontalOverflow: 0
    m_VerticalOverflow: 0
    m_LineSpacing: 1
  m_Text: and they lived happily ever after.
--- !u!222 &1075915959
CanvasRenderer:
  m_ObjectHideFlags: 0
  m_PrefabParentObject: {fileID: 0}
  m_PrefabInternal: {fileID: 0}
  m_GameObject: {fileID: 1075915956}
--- !u!1 &1135455369
GameObject:
  m_ObjectHideFlags: 0
  m_PrefabParentObject: {fileID: 1351203536020384, guid: ae5a6dcc615f49341b0be1c03268a961,
    type: 2}
  m_PrefabInternal: {fileID: 0}
  serializedVersion: 5
  m_Component:
  - component: {fileID: 1135455370}
  - component: {fileID: 1135455372}
  - component: {fileID: 1135455371}
  m_Layer: 5
  m_Name: Caret
  m_TagString: Untagged
  m_Icon: {fileID: 0}
  m_NavMeshLayer: 0
  m_StaticEditorFlags: 0
  m_IsActive: 1
--- !u!224 &1135455370
RectTransform:
  m_ObjectHideFlags: 0
  m_PrefabParentObject: {fileID: 224254129060217946, guid: ae5a6dcc615f49341b0be1c03268a961,
    type: 2}
  m_PrefabInternal: {fileID: 0}
  m_GameObject: {fileID: 1135455369}
  m_LocalRotation: {x: -0, y: -0, z: -0, w: 1}
  m_LocalPosition: {x: 0, y: 0, z: 0}
  m_LocalScale: {x: 1, y: 1, z: 1}
  m_Children: []
  m_Father: {fileID: 247963066}
  m_RootOrder: 1
  m_LocalEulerAnglesHint: {x: 0, y: 0, z: 0}
  m_AnchorMin: {x: 0.5, y: 0.5}
  m_AnchorMax: {x: 0.5, y: 0.5}
  m_AnchoredPosition: {x: -464, y: 228}
  m_SizeDelta: {x: 2, y: 64}
  m_Pivot: {x: 0, y: 1}
--- !u!114 &1135455371
MonoBehaviour:
  m_ObjectHideFlags: 0
  m_PrefabParentObject: {fileID: 114564813479805198, guid: ae5a6dcc615f49341b0be1c03268a961,
    type: 2}
  m_PrefabInternal: {fileID: 0}
  m_GameObject: {fileID: 1135455369}
  m_Enabled: 1
  m_EditorHideFlags: 0
  m_Script: {fileID: -765806418, guid: f70555f144d8491a825f0804e09c671c, type: 3}
  m_Name: 
  m_EditorClassIdentifier: 
  m_Material: {fileID: 0}
  m_Color: {r: 0.5019608, g: 0.5019608, b: 0.5019608, a: 1}
  m_RaycastTarget: 1
  m_OnCullStateChanged:
    m_PersistentCalls:
      m_Calls: []
    m_TypeName: UnityEngine.UI.MaskableGraphic+CullStateChangedEvent, UnityEngine.UI,
      Version=1.0.0.0, Culture=neutral, PublicKeyToken=null
  m_Sprite: {fileID: 0}
  m_Type: 0
  m_PreserveAspect: 0
  m_FillCenter: 1
  m_FillMethod: 4
  m_FillAmount: 1
  m_FillClockwise: 1
  m_FillOrigin: 0
--- !u!222 &1135455372
CanvasRenderer:
  m_ObjectHideFlags: 0
  m_PrefabParentObject: {fileID: 222190123017865466, guid: ae5a6dcc615f49341b0be1c03268a961,
    type: 2}
  m_PrefabInternal: {fileID: 0}
  m_GameObject: {fileID: 1135455369}
--- !u!1 &1141499660
GameObject:
  m_ObjectHideFlags: 0
  m_PrefabParentObject: {fileID: 1156842313541640, guid: ae5a6dcc615f49341b0be1c03268a961,
    type: 2}
  m_PrefabInternal: {fileID: 0}
  serializedVersion: 5
  m_Component:
  - component: {fileID: 1141499661}
  - component: {fileID: 1141499663}
  - component: {fileID: 1141499662}
  m_Layer: 5
  m_Name: Processed
  m_TagString: Untagged
  m_Icon: {fileID: 0}
  m_NavMeshLayer: 0
  m_StaticEditorFlags: 0
  m_IsActive: 1
--- !u!224 &1141499661
RectTransform:
  m_ObjectHideFlags: 0
  m_PrefabParentObject: {fileID: 224958826748955006, guid: ae5a6dcc615f49341b0be1c03268a961,
    type: 2}
  m_PrefabInternal: {fileID: 0}
  m_GameObject: {fileID: 1141499660}
  m_LocalRotation: {x: -0, y: -0, z: -0, w: 1}
  m_LocalPosition: {x: 0, y: 0, z: 0}
  m_LocalScale: {x: 1.00032, y: 1.00032, z: 1.00032}
  m_Children: []
  m_Father: {fileID: 58596571}
  m_RootOrder: 0
  m_LocalEulerAnglesHint: {x: 0, y: 0, z: 0}
  m_AnchorMin: {x: 0, y: 0}
  m_AnchorMax: {x: 1, y: 1}
  m_AnchoredPosition: {x: 0, y: 0}
  m_SizeDelta: {x: 0, y: 0}
  m_Pivot: {x: 0.5, y: 0.5}
--- !u!114 &1141499662
MonoBehaviour:
  m_ObjectHideFlags: 0
  m_PrefabParentObject: {fileID: 114129079140363620, guid: ae5a6dcc615f49341b0be1c03268a961,
    type: 2}
  m_PrefabInternal: {fileID: 0}
  m_GameObject: {fileID: 1141499660}
  m_Enabled: 1
  m_EditorHideFlags: 0
  m_Script: {fileID: 708705254, guid: f70555f144d8491a825f0804e09c671c, type: 3}
  m_Name: 
  m_EditorClassIdentifier: 
  m_Material: {fileID: 0}
  m_Color: {r: 0.19607843, g: 0.19607843, b: 0.19607843, a: 1}
  m_RaycastTarget: 1
  m_OnCullStateChanged:
    m_PersistentCalls:
      m_Calls: []
    m_TypeName: UnityEngine.UI.MaskableGraphic+CullStateChangedEvent, UnityEngine.UI,
      Version=1.0.0.0, Culture=neutral, PublicKeyToken=null
  m_FontData:
    m_Font: {fileID: 10102, guid: 0000000000000000e000000000000000, type: 0}
    m_FontSize: 56
    m_FontStyle: 2
    m_BestFit: 0
    m_MinSize: 4
    m_MaxSize: 65
    m_Alignment: 0
    m_AlignByGeometry: 0
    m_RichText: 0
    m_HorizontalOverflow: 0
    m_VerticalOverflow: 0
    m_LineSpacing: 1
  m_Text: 
--- !u!222 &1141499663
CanvasRenderer:
  m_ObjectHideFlags: 0
  m_PrefabParentObject: {fileID: 222027267857004646, guid: ae5a6dcc615f49341b0be1c03268a961,
    type: 2}
  m_PrefabInternal: {fileID: 0}
  m_GameObject: {fileID: 1141499660}
--- !u!1 &1148116374
GameObject:
  m_ObjectHideFlags: 0
  m_PrefabParentObject: {fileID: 1602993059482302, guid: ae5a6dcc615f49341b0be1c03268a961,
    type: 2}
  m_PrefabInternal: {fileID: 0}
  serializedVersion: 5
  m_Component:
  - component: {fileID: 1148116375}
  - component: {fileID: 1148116377}
  - component: {fileID: 1148116376}
  m_Layer: 5
  m_Name: Text
  m_TagString: Untagged
  m_Icon: {fileID: 0}
  m_NavMeshLayer: 0
  m_StaticEditorFlags: 0
  m_IsActive: 1
--- !u!224 &1148116375
RectTransform:
  m_ObjectHideFlags: 0
  m_PrefabParentObject: {fileID: 224442324112548004, guid: ae5a6dcc615f49341b0be1c03268a961,
    type: 2}
  m_PrefabInternal: {fileID: 0}
  m_GameObject: {fileID: 1148116374}
  m_LocalRotation: {x: 0, y: 0, z: 0, w: 1}
  m_LocalPosition: {x: 0, y: 0, z: 0}
  m_LocalScale: {x: 1, y: 1, z: 1}
  m_Children:
  - {fileID: 1648725376}
  - {fileID: 313162158}
  - {fileID: 918734713}
  m_Father: {fileID: 621891919}
  m_RootOrder: 1
  m_LocalEulerAnglesHint: {x: 0, y: 0, z: 0}
  m_AnchorMin: {x: 0, y: 0}
  m_AnchorMax: {x: 1, y: 1}
  m_AnchoredPosition: {x: 0, y: 0}
  m_SizeDelta: {x: -24, y: -24}
  m_Pivot: {x: 0.5, y: 0.5}
--- !u!114 &1148116376
MonoBehaviour:
  m_ObjectHideFlags: 0
  m_PrefabParentObject: {fileID: 114347863002576930, guid: ae5a6dcc615f49341b0be1c03268a961,
    type: 2}
  m_PrefabInternal: {fileID: 0}
  m_GameObject: {fileID: 1148116374}
  m_Enabled: 1
  m_EditorHideFlags: 0
  m_Script: {fileID: 708705254, guid: f70555f144d8491a825f0804e09c671c, type: 3}
  m_Name: 
  m_EditorClassIdentifier: 
  m_Material: {fileID: 0}
  m_Color: {r: 0.19607843, g: 0.19607843, b: 0.19607843, a: 1}
  m_RaycastTarget: 1
  m_OnCullStateChanged:
    m_PersistentCalls:
      m_Calls: []
    m_TypeName: UnityEngine.UI.MaskableGraphic+CullStateChangedEvent, UnityEngine.UI,
      Version=1.0.0.0, Culture=neutral, PublicKeyToken=null
  m_FontData:
    m_Font: {fileID: 10102, guid: 0000000000000000e000000000000000, type: 0}
    m_FontSize: 56
    m_FontStyle: 0
    m_BestFit: 0
    m_MinSize: 4
    m_MaxSize: 65
    m_Alignment: 0
    m_AlignByGeometry: 0
    m_RichText: 0
    m_HorizontalOverflow: 0
    m_VerticalOverflow: 0
    m_LineSpacing: 1
  m_Text: 
--- !u!222 &1148116377
CanvasRenderer:
  m_ObjectHideFlags: 0
  m_PrefabParentObject: {fileID: 222998534070822522, guid: ae5a6dcc615f49341b0be1c03268a961,
    type: 2}
  m_PrefabInternal: {fileID: 0}
  m_GameObject: {fileID: 1148116374}
--- !u!1 &1194699410
GameObject:
  m_ObjectHideFlags: 0
  m_PrefabParentObject: {fileID: 1441990728834250, guid: 23dea4e06510ec64f9ac7470a7ac81c1,
    type: 2}
  m_PrefabInternal: {fileID: 0}
  serializedVersion: 5
  m_Component:
  - component: {fileID: 1194699411}
  m_Layer: 5
  m_Name: Sliding Area
  m_TagString: Untagged
  m_Icon: {fileID: 0}
  m_NavMeshLayer: 0
  m_StaticEditorFlags: 0
  m_IsActive: 1
--- !u!224 &1194699411
RectTransform:
  m_ObjectHideFlags: 0
  m_PrefabParentObject: {fileID: 224439454876781704, guid: 23dea4e06510ec64f9ac7470a7ac81c1,
    type: 2}
  m_PrefabInternal: {fileID: 0}
  m_GameObject: {fileID: 1194699410}
  m_LocalRotation: {x: 0, y: 0, z: 0, w: 1}
  m_LocalPosition: {x: 0, y: 0, z: 0}
  m_LocalScale: {x: 1, y: 1, z: 1}
  m_Children:
  - {fileID: 866076805}
  m_Father: {fileID: 2041188683}
  m_RootOrder: 0
  m_LocalEulerAnglesHint: {x: 0, y: 0, z: 0}
  m_AnchorMin: {x: 0, y: 0}
  m_AnchorMax: {x: 1, y: 1}
  m_AnchoredPosition: {x: 0, y: 0}
  m_SizeDelta: {x: -20, y: -20}
  m_Pivot: {x: 0.5, y: 0.5}
--- !u!1 &1263408153
GameObject:
  m_ObjectHideFlags: 0
  m_PrefabParentObject: {fileID: 0}
  m_PrefabInternal: {fileID: 0}
  serializedVersion: 5
  m_Component:
  - component: {fileID: 1263408154}
  m_Layer: 5
  m_Name: Title
  m_TagString: Untagged
  m_Icon: {fileID: 0}
  m_NavMeshLayer: 0
  m_StaticEditorFlags: 0
  m_IsActive: 1
--- !u!224 &1263408154
RectTransform:
  m_ObjectHideFlags: 0
  m_PrefabParentObject: {fileID: 0}
  m_PrefabInternal: {fileID: 0}
  m_GameObject: {fileID: 1263408153}
  m_LocalRotation: {x: -0, y: -0, z: -0, w: 1}
  m_LocalPosition: {x: 0, y: 0, z: 0}
  m_LocalScale: {x: 1, y: 1, z: 1}
  m_Children:
  - {fileID: 129776308}
  - {fileID: 1822758634}
  m_Father: {fileID: 198429711}
  m_RootOrder: 0
  m_LocalEulerAnglesHint: {x: 0, y: 0, z: 0}
  m_AnchorMin: {x: 0, y: 1}
  m_AnchorMax: {x: 1, y: 1}
  m_AnchoredPosition: {x: 0, y: -48}
  m_SizeDelta: {x: -96, y: 256.7}
  m_Pivot: {x: 0.5, y: 1}
--- !u!1 &1316678359
GameObject:
  m_ObjectHideFlags: 0
  m_PrefabParentObject: {fileID: 1445260345564058, guid: ae5a6dcc615f49341b0be1c03268a961,
    type: 2}
  m_PrefabInternal: {fileID: 0}
  serializedVersion: 5
  m_Component:
  - component: {fileID: 1316678360}
  - component: {fileID: 1316678362}
  - component: {fileID: 1316678361}
  m_Layer: 5
  m_Name: Processed
  m_TagString: Untagged
  m_Icon: {fileID: 0}
  m_NavMeshLayer: 0
  m_StaticEditorFlags: 0
  m_IsActive: 1
--- !u!224 &1316678360
RectTransform:
  m_ObjectHideFlags: 0
  m_PrefabParentObject: {fileID: 224800429932176952, guid: ae5a6dcc615f49341b0be1c03268a961,
    type: 2}
  m_PrefabInternal: {fileID: 0}
  m_GameObject: {fileID: 1316678359}
  m_LocalRotation: {x: -0, y: -0, z: -0, w: 1}
  m_LocalPosition: {x: 0, y: 0, z: 0}
  m_LocalScale: {x: 1.00032, y: 1.00032, z: 1.00032}
  m_Children: []
  m_Father: {fileID: 247963066}
  m_RootOrder: 0
  m_LocalEulerAnglesHint: {x: 0, y: 0, z: 0}
  m_AnchorMin: {x: 0, y: 0}
  m_AnchorMax: {x: 1, y: 1}
  m_AnchoredPosition: {x: 0, y: 0}
  m_SizeDelta: {x: 0, y: 0}
  m_Pivot: {x: 0.5, y: 0.5}
--- !u!114 &1316678361
MonoBehaviour:
  m_ObjectHideFlags: 0
  m_PrefabParentObject: {fileID: 114718293308518698, guid: ae5a6dcc615f49341b0be1c03268a961,
    type: 2}
  m_PrefabInternal: {fileID: 0}
  m_GameObject: {fileID: 1316678359}
  m_Enabled: 1
  m_EditorHideFlags: 0
  m_Script: {fileID: 708705254, guid: f70555f144d8491a825f0804e09c671c, type: 3}
  m_Name: 
  m_EditorClassIdentifier: 
  m_Material: {fileID: 0}
  m_Color: {r: 0.19607843, g: 0.19607843, b: 0.19607843, a: 1}
  m_RaycastTarget: 1
  m_OnCullStateChanged:
    m_PersistentCalls:
      m_Calls: []
    m_TypeName: UnityEngine.UI.MaskableGraphic+CullStateChangedEvent, UnityEngine.UI,
      Version=1.0.0.0, Culture=neutral, PublicKeyToken=null
  m_FontData:
    m_Font: {fileID: 10102, guid: 0000000000000000e000000000000000, type: 0}
    m_FontSize: 56
    m_FontStyle: 2
    m_BestFit: 0
    m_MinSize: 4
    m_MaxSize: 65
    m_Alignment: 0
    m_AlignByGeometry: 0
    m_RichText: 0
    m_HorizontalOverflow: 0
    m_VerticalOverflow: 0
    m_LineSpacing: 1
  m_Text: 
--- !u!222 &1316678362
CanvasRenderer:
  m_ObjectHideFlags: 0
  m_PrefabParentObject: {fileID: 222565742821437732, guid: ae5a6dcc615f49341b0be1c03268a961,
    type: 2}
  m_PrefabInternal: {fileID: 0}
  m_GameObject: {fileID: 1316678359}
--- !u!1 &1485469173
GameObject:
  m_ObjectHideFlags: 0
  m_PrefabParentObject: {fileID: 1706180281213266, guid: 23dea4e06510ec64f9ac7470a7ac81c1,
    type: 2}
  m_PrefabInternal: {fileID: 0}
  serializedVersion: 5
  m_Component:
  - component: {fileID: 1485469174}
  - component: {fileID: 1485469176}
  - component: {fileID: 1485469175}
  m_Layer: 5
  m_Name: Content
  m_TagString: Untagged
  m_Icon: {fileID: 0}
  m_NavMeshLayer: 0
  m_StaticEditorFlags: 0
  m_IsActive: 1
--- !u!224 &1485469174
RectTransform:
  m_ObjectHideFlags: 0
  m_PrefabParentObject: {fileID: 224344902171354256, guid: 23dea4e06510ec64f9ac7470a7ac81c1,
    type: 2}
  m_PrefabInternal: {fileID: 0}
  m_GameObject: {fileID: 1485469173}
  m_LocalRotation: {x: 0, y: 0, z: 0, w: 1}
  m_LocalPosition: {x: 0, y: 0, z: 0}
  m_LocalScale: {x: 1, y: 1, z: 1}
  m_Children:
  - {fileID: 198429711}
  m_Father: {fileID: 838936606}
  m_RootOrder: 0
  m_LocalEulerAnglesHint: {x: 0, y: 0, z: 0}
  m_AnchorMin: {x: 0, y: 0.5}
  m_AnchorMax: {x: 1, y: 0.5}
  m_AnchoredPosition: {x: 0, y: 170}
  m_SizeDelta: {x: 0, y: 2260}
  m_Pivot: {x: 0.5, y: 0.5}
--- !u!114 &1485469175
MonoBehaviour:
  m_ObjectHideFlags: 0
  m_PrefabParentObject: {fileID: 114824518816424652, guid: 23dea4e06510ec64f9ac7470a7ac81c1,
    type: 2}
  m_PrefabInternal: {fileID: 0}
  m_GameObject: {fileID: 1485469173}
  m_Enabled: 1
  m_EditorHideFlags: 0
  m_Script: {fileID: -765806418, guid: f70555f144d8491a825f0804e09c671c, type: 3}
  m_Name: 
  m_EditorClassIdentifier: 
  m_Material: {fileID: 0}
  m_Color: {r: 0.88235295, g: 0.5519181, b: 0.24036516, a: 1}
  m_RaycastTarget: 1
  m_OnCullStateChanged:
    m_PersistentCalls:
      m_Calls: []
    m_TypeName: UnityEngine.UI.MaskableGraphic+CullStateChangedEvent, UnityEngine.UI,
      Version=1.0.0.0, Culture=neutral, PublicKeyToken=null
  m_Sprite: {fileID: 0}
  m_Type: 0
  m_PreserveAspect: 0
  m_FillCenter: 1
  m_FillMethod: 4
  m_FillAmount: 1
  m_FillClockwise: 1
  m_FillOrigin: 0
--- !u!222 &1485469176
CanvasRenderer:
  m_ObjectHideFlags: 0
  m_PrefabParentObject: {fileID: 222040023905422994, guid: 23dea4e06510ec64f9ac7470a7ac81c1,
    type: 2}
  m_PrefabInternal: {fileID: 0}
  m_GameObject: {fileID: 1485469173}
--- !u!1 &1505885283
GameObject:
  m_ObjectHideFlags: 0
  m_PrefabParentObject: {fileID: 0}
  m_PrefabInternal: {fileID: 0}
  serializedVersion: 5
  m_Component:
  - component: {fileID: 1505885284}
  m_Layer: 5
  m_Name: Story
  m_TagString: Untagged
  m_Icon: {fileID: 0}
  m_NavMeshLayer: 0
  m_StaticEditorFlags: 0
  m_IsActive: 1
--- !u!224 &1505885284
RectTransform:
  m_ObjectHideFlags: 0
  m_PrefabParentObject: {fileID: 0}
  m_PrefabInternal: {fileID: 0}
  m_GameObject: {fileID: 1505885283}
  m_LocalRotation: {x: -0, y: -0, z: -0, w: 1}
  m_LocalPosition: {x: 0, y: 0, z: 0}
  m_LocalScale: {x: 1.00032, y: 1.00032, z: 1.00032}
  m_Children:
  - {fileID: 1810960103}
  - {fileID: 621891919}
  - {fileID: 1075915957}
  m_Father: {fileID: 198429711}
  m_RootOrder: 2
  m_LocalEulerAnglesHint: {x: 0, y: 0, z: 0}
  m_AnchorMin: {x: 0, y: 1}
  m_AnchorMax: {x: 1, y: 1}
  m_AnchoredPosition: {x: 0, y: -1174}
  m_SizeDelta: {x: -96, y: 1000}
  m_Pivot: {x: 0.5, y: 1}
--- !u!1 &1648725375
GameObject:
  m_ObjectHideFlags: 0
  m_PrefabParentObject: {fileID: 1156842313541640, guid: ae5a6dcc615f49341b0be1c03268a961,
    type: 2}
  m_PrefabInternal: {fileID: 0}
  serializedVersion: 5
  m_Component:
  - component: {fileID: 1648725376}
  - component: {fileID: 1648725378}
  - component: {fileID: 1648725377}
  m_Layer: 5
  m_Name: Processed
  m_TagString: Untagged
  m_Icon: {fileID: 0}
  m_NavMeshLayer: 0
  m_StaticEditorFlags: 0
  m_IsActive: 1
--- !u!224 &1648725376
RectTransform:
  m_ObjectHideFlags: 0
  m_PrefabParentObject: {fileID: 224958826748955006, guid: ae5a6dcc615f49341b0be1c03268a961,
    type: 2}
  m_PrefabInternal: {fileID: 0}
  m_GameObject: {fileID: 1648725375}
  m_LocalRotation: {x: -0, y: -0, z: -0, w: 1}
  m_LocalPosition: {x: 0, y: 0, z: 0}
  m_LocalScale: {x: 1.00032, y: 1.00032, z: 1.00032}
  m_Children: []
  m_Father: {fileID: 1148116375}
  m_RootOrder: 0
  m_LocalEulerAnglesHint: {x: 0, y: 0, z: 0}
  m_AnchorMin: {x: 0, y: 0}
  m_AnchorMax: {x: 1, y: 1}
  m_AnchoredPosition: {x: 0, y: 0}
  m_SizeDelta: {x: 0, y: 0}
  m_Pivot: {x: 0.5, y: 0.5}
--- !u!114 &1648725377
MonoBehaviour:
  m_ObjectHideFlags: 0
  m_PrefabParentObject: {fileID: 114129079140363620, guid: ae5a6dcc615f49341b0be1c03268a961,
    type: 2}
  m_PrefabInternal: {fileID: 0}
  m_GameObject: {fileID: 1648725375}
  m_Enabled: 1
  m_EditorHideFlags: 0
  m_Script: {fileID: 708705254, guid: f70555f144d8491a825f0804e09c671c, type: 3}
  m_Name: 
  m_EditorClassIdentifier: 
  m_Material: {fileID: 0}
  m_Color: {r: 0.19607843, g: 0.19607843, b: 0.19607843, a: 1}
  m_RaycastTarget: 1
  m_OnCullStateChanged:
    m_PersistentCalls:
      m_Calls: []
    m_TypeName: UnityEngine.UI.MaskableGraphic+CullStateChangedEvent, UnityEngine.UI,
      Version=1.0.0.0, Culture=neutral, PublicKeyToken=null
  m_FontData:
    m_Font: {fileID: 10102, guid: 0000000000000000e000000000000000, type: 0}
    m_FontSize: 56
    m_FontStyle: 2
    m_BestFit: 0
    m_MinSize: 4
    m_MaxSize: 65
    m_Alignment: 0
    m_AlignByGeometry: 0
    m_RichText: 0
    m_HorizontalOverflow: 0
    m_VerticalOverflow: 0
    m_LineSpacing: 1
  m_Text: 
--- !u!222 &1648725378
CanvasRenderer:
  m_ObjectHideFlags: 0
  m_PrefabParentObject: {fileID: 222027267857004646, guid: ae5a6dcc615f49341b0be1c03268a961,
    type: 2}
  m_PrefabInternal: {fileID: 0}
  m_GameObject: {fileID: 1648725375}
--- !u!1 &1689729892
GameObject:
  m_ObjectHideFlags: 0
  m_PrefabParentObject: {fileID: 1892297467585080, guid: ae5a6dcc615f49341b0be1c03268a961,
    type: 2}
  m_PrefabInternal: {fileID: 0}
  serializedVersion: 5
  m_Component:
  - component: {fileID: 1689729893}
  - component: {fileID: 1689729895}
  - component: {fileID: 1689729894}
  m_Layer: 5
  m_Name: Background
  m_TagString: Untagged
  m_Icon: {fileID: 0}
  m_NavMeshLayer: 0
  m_StaticEditorFlags: 0
  m_IsActive: 1
--- !u!224 &1689729893
RectTransform:
  m_ObjectHideFlags: 0
  m_PrefabParentObject: {fileID: 224021807022910534, guid: ae5a6dcc615f49341b0be1c03268a961,
    type: 2}
  m_PrefabInternal: {fileID: 0}
  m_GameObject: {fileID: 1689729892}
  m_LocalRotation: {x: 0, y: 0, z: 0, w: 1}
  m_LocalPosition: {x: 0, y: 0, z: 0}
  m_LocalScale: {x: 1, y: 1, z: 1}
  m_Children: []
  m_Father: {fileID: 621891919}
  m_RootOrder: 0
  m_LocalEulerAnglesHint: {x: 0, y: 0, z: 0}
  m_AnchorMin: {x: 0, y: 0}
  m_AnchorMax: {x: 1, y: 1}
  m_AnchoredPosition: {x: 0, y: 0}
  m_SizeDelta: {x: 0, y: 0}
  m_Pivot: {x: 0.5, y: 0.5}
--- !u!114 &1689729894
MonoBehaviour:
  m_ObjectHideFlags: 0
  m_PrefabParentObject: {fileID: 114159790797590752, guid: ae5a6dcc615f49341b0be1c03268a961,
    type: 2}
  m_PrefabInternal: {fileID: 0}
  m_GameObject: {fileID: 1689729892}
  m_Enabled: 1
  m_EditorHideFlags: 0
  m_Script: {fileID: -765806418, guid: f70555f144d8491a825f0804e09c671c, type: 3}
  m_Name: 
  m_EditorClassIdentifier: 
  m_Material: {fileID: 0}
  m_Color: {r: 1, g: 1, b: 1, a: 1}
  m_RaycastTarget: 1
  m_OnCullStateChanged:
    m_PersistentCalls:
      m_Calls: []
    m_TypeName: UnityEngine.UI.MaskableGraphic+CullStateChangedEvent, UnityEngine.UI,
      Version=1.0.0.0, Culture=neutral, PublicKeyToken=null
  m_Sprite: {fileID: 10911, guid: 0000000000000000f000000000000000, type: 0}
  m_Type: 1
  m_PreserveAspect: 0
  m_FillCenter: 1
  m_FillMethod: 4
  m_FillAmount: 1
  m_FillClockwise: 1
  m_FillOrigin: 0
--- !u!222 &1689729895
CanvasRenderer:
  m_ObjectHideFlags: 0
  m_PrefabParentObject: {fileID: 222973587423590756, guid: ae5a6dcc615f49341b0be1c03268a961,
    type: 2}
  m_PrefabInternal: {fileID: 0}
  m_GameObject: {fileID: 1689729892}
--- !u!1 &1810960102
GameObject:
  m_ObjectHideFlags: 0
  m_PrefabParentObject: {fileID: 0}
  m_PrefabInternal: {fileID: 0}
  serializedVersion: 5
  m_Component:
  - component: {fileID: 1810960103}
  - component: {fileID: 1810960105}
  - component: {fileID: 1810960104}
  m_Layer: 5
  m_Name: StartLabel
  m_TagString: Untagged
  m_Icon: {fileID: 0}
  m_NavMeshLayer: 0
  m_StaticEditorFlags: 0
  m_IsActive: 1
--- !u!224 &1810960103
RectTransform:
  m_ObjectHideFlags: 0
  m_PrefabParentObject: {fileID: 0}
  m_PrefabInternal: {fileID: 0}
  m_GameObject: {fileID: 1810960102}
  m_LocalRotation: {x: -0, y: -0, z: -0, w: 1}
  m_LocalPosition: {x: 0, y: 0, z: 0}
  m_LocalScale: {x: 1, y: 1, z: 1}
  m_Children: []
  m_Father: {fileID: 1505885284}
  m_RootOrder: 0
  m_LocalEulerAnglesHint: {x: 0, y: 0, z: 0}
  m_AnchorMin: {x: 0, y: 1}
  m_AnchorMax: {x: 1, y: 1}
  m_AnchoredPosition: {x: 0, y: 0}
  m_SizeDelta: {x: -16, y: 64}
  m_Pivot: {x: 0.5, y: 1}
--- !u!114 &1810960104
MonoBehaviour:
  m_ObjectHideFlags: 0
  m_PrefabParentObject: {fileID: 0}
  m_PrefabInternal: {fileID: 0}
  m_GameObject: {fileID: 1810960102}
  m_Enabled: 1
  m_EditorHideFlags: 0
  m_Script: {fileID: 708705254, guid: f70555f144d8491a825f0804e09c671c, type: 3}
  m_Name: 
  m_EditorClassIdentifier: 
  m_Material: {fileID: 0}
  m_Color: {r: 0.19607843, g: 0.19607843, b: 0.19607843, a: 1}
  m_RaycastTarget: 1
  m_OnCullStateChanged:
    m_PersistentCalls:
      m_Calls: []
    m_TypeName: UnityEngine.UI.MaskableGraphic+CullStateChangedEvent, UnityEngine.UI,
      Version=1.0.0.0, Culture=neutral, PublicKeyToken=null
  m_FontData:
    m_Font: {fileID: 10102, guid: 0000000000000000e000000000000000, type: 0}
    m_FontSize: 56
    m_FontStyle: 1
    m_BestFit: 0
    m_MinSize: 5
    m_MaxSize: 56
    m_Alignment: 0
    m_AlignByGeometry: 0
    m_RichText: 1
    m_HorizontalOverflow: 0
    m_VerticalOverflow: 0
    m_LineSpacing: 1
  m_Text: But then one day
--- !u!222 &1810960105
CanvasRenderer:
  m_ObjectHideFlags: 0
  m_PrefabParentObject: {fileID: 0}
  m_PrefabInternal: {fileID: 0}
  m_GameObject: {fileID: 1810960102}
--- !u!1 &1822758633
GameObject:
  m_ObjectHideFlags: 0
  m_PrefabParentObject: {fileID: 1457664023282622, guid: ae5a6dcc615f49341b0be1c03268a961,
    type: 2}
  m_PrefabInternal: {fileID: 0}
  serializedVersion: 5
  m_Component:
  - component: {fileID: 1822758634}
  - component: {fileID: 1822758635}
  m_Layer: 5
  m_Name: InputField
  m_TagString: Untagged
  m_Icon: {fileID: 0}
  m_NavMeshLayer: 0
  m_StaticEditorFlags: 0
  m_IsActive: 1
--- !u!224 &1822758634
RectTransform:
  m_ObjectHideFlags: 0
  m_PrefabParentObject: {fileID: 224693392128393322, guid: ae5a6dcc615f49341b0be1c03268a961,
    type: 2}
  m_PrefabInternal: {fileID: 0}
  m_GameObject: {fileID: 1822758633}
  m_LocalRotation: {x: -0, y: -0, z: -0, w: 1}
  m_LocalPosition: {x: 0, y: 0, z: 0}
  m_LocalScale: {x: 1, y: 1, z: 1}
  m_Children:
  - {fileID: 362924530}
  - {fileID: 247963066}
  m_Father: {fileID: 1263408154}
  m_RootOrder: 1
  m_LocalEulerAnglesHint: {x: 0, y: 0, z: 0}
  m_AnchorMin: {x: 0, y: 0}
  m_AnchorMax: {x: 1, y: 0}
  m_AnchoredPosition: {x: 0, y: 0}
  m_SizeDelta: {x: 0, y: 176}
  m_Pivot: {x: 0.5, y: 0}
--- !u!114 &1822758635
MonoBehaviour:
  m_ObjectHideFlags: 0
  m_PrefabParentObject: {fileID: 114182442807524496, guid: ae5a6dcc615f49341b0be1c03268a961,
    type: 2}
  m_PrefabInternal: {fileID: 0}
  m_GameObject: {fileID: 1822758633}
  m_Enabled: 1
  m_EditorHideFlags: 0
  m_Script: {fileID: 11500000, guid: ab25112ac4e182644964306dd56760cc, type: 3}
  m_Name: 
  m_EditorClassIdentifier: 
  m_Navigation:
    m_Mode: 3
    m_SelectOnUp: {fileID: 0}
    m_SelectOnDown: {fileID: 0}
    m_SelectOnLeft: {fileID: 0}
    m_SelectOnRight: {fileID: 0}
  m_Transition: 1
  m_Colors:
    m_NormalColor: {r: 1, g: 1, b: 1, a: 1}
    m_HighlightedColor: {r: 1, g: 1, b: 1, a: 1}
    m_PressedColor: {r: 1, g: 1, b: 1, a: 1}
    m_DisabledColor: {r: 0.78431374, g: 0.78431374, b: 0.78431374, a: 1}
    m_ColorMultiplier: 1
    m_FadeDuration: 0.1
  m_SpriteState:
    m_HighlightedSprite: {fileID: 0}
    m_PressedSprite: {fileID: 0}
    m_DisabledSprite: {fileID: 0}
  m_AnimationTriggers:
    m_NormalTrigger: Normal
    m_HighlightedTrigger: Highlighted
    m_PressedTrigger: Pressed
    m_DisabledTrigger: Disabled
  m_Interactable: 1
  m_TargetGraphic: {fileID: 362924531}
  textRenderer: {fileID: 247963067}
  processedTextRenderer: {fileID: 1316678361}
  caretRenderer: {fileID: 1135455371}
  selectionRenderer: {fileID: 223537246}
  text: 
  placeholderText: Name your story...
  characterLimit: 0
  contentType: 11
  lineType: 1
  inputType: 0
  keyboardType: 0
  characterValidation: 7
  lineCount: 0
  liveProcessingFilter: {fileID: 0}
  postProcessingFilter: {fileID: 0}
  caretOnBeginEdit: 0
  caretBlinkRate: 0.85
  caretWidth: 3
  caretColor: {r: 0.19607843, g: 0.19607843, b: 0.19607843, a: 1}
  selectionColor: {r: 0.65882355, g: 0.80784315, b: 1, a: 0.7529412}
  readOnly: 0
  onSelectionChanged:
    m_PersistentCalls:
      m_Calls: []
    m_TypeName: AdvancedInputFieldPlugin.AdvancedInputField+SelectionChangedEvent,
      Assembly-CSharp-firstpass, Version=0.0.0.0, Culture=neutral, PublicKeyToken=null
  onBeginEdit:
    m_PersistentCalls:
      m_Calls: []
    m_TypeName: AdvancedInputFieldPlugin.AdvancedInputField+BeginEditEvent, Assembly-CSharp-firstpass,
      Version=0.0.0.0, Culture=neutral, PublicKeyToken=null
  onEndEdit:
    m_PersistentCalls:
      m_Calls: []
    m_TypeName: AdvancedInputFieldPlugin.AdvancedInputField+EndEditEvent, Assembly-CSharp-firstpass,
      Version=0.0.0.0, Culture=neutral, PublicKeyToken=null
  onValueChanged:
    m_PersistentCalls:
      m_Calls: []
    m_TypeName: AdvancedInputFieldPlugin.AdvancedInputField+ValueChangedEvent, Assembly-CSharp-firstpass,
      Version=0.0.0.0, Culture=neutral, PublicKeyToken=null
  onCaretPositionChanged:
    m_PersistentCalls:
      m_Calls: []
    m_TypeName: AdvancedInputFieldPlugin.AdvancedInputField+CaretPositionChangedEvent,
      Assembly-CSharp-firstpass, Version=0.0.0.0, Culture=neutral, PublicKeyToken=null
  onTextSelectionChanged:
    m_PersistentCalls:
      m_Calls: []
    m_TypeName: AdvancedInputFieldPlugin.AdvancedInputField+TextSelectionChangedEvent,
      Assembly-CSharp-firstpass, Version=0.0.0.0, Culture=neutral, PublicKeyToken=null
  actionBar: 0
  actionBarCut: 0
  actionBarCopy: 0
  actionBarPaste: 0
  actionBarSelectAll: 0
  selectionCursors: 1
  autocapitalizationType: 0
  nextInputField: {fileID: 2055953450}
--- !u!1 &1896026095
GameObject:
  m_ObjectHideFlags: 0
  m_PrefabParentObject: {fileID: 1292685377200424, guid: 23dea4e06510ec64f9ac7470a7ac81c1,
    type: 2}
  m_PrefabInternal: {fileID: 0}
  serializedVersion: 5
  m_Component:
  - component: {fileID: 1896026096}
  - component: {fileID: 1896026097}
  - component: {fileID: 1896026099}
  - component: {fileID: 1896026098}
  m_Layer: 5
  m_Name: Canvas
  m_TagString: Untagged
  m_Icon: {fileID: 0}
  m_NavMeshLayer: 0
  m_StaticEditorFlags: 0
  m_IsActive: 1
--- !u!224 &1896026096
RectTransform:
  m_ObjectHideFlags: 0
  m_PrefabParentObject: {fileID: 224093651542709812, guid: 23dea4e06510ec64f9ac7470a7ac81c1,
    type: 2}
  m_PrefabInternal: {fileID: 0}
  m_GameObject: {fileID: 1896026095}
  m_LocalRotation: {x: 0, y: 0, z: 0, w: 1}
  m_LocalPosition: {x: 0, y: 0, z: 0}
  m_LocalScale: {x: 0, y: 0, z: 0}
  m_Children:
  - {fileID: 2073269380}
  m_Father: {fileID: 0}
  m_RootOrder: 1
  m_LocalEulerAnglesHint: {x: 0, y: 0, z: 0}
  m_AnchorMin: {x: 0, y: 0}
  m_AnchorMax: {x: 0, y: 0}
  m_AnchoredPosition: {x: 0, y: 0}
  m_SizeDelta: {x: 0, y: 0}
  m_Pivot: {x: 0, y: 0}
--- !u!223 &1896026097
Canvas:
  m_ObjectHideFlags: 0
  m_PrefabParentObject: {fileID: 223130320401728452, guid: 23dea4e06510ec64f9ac7470a7ac81c1,
    type: 2}
  m_PrefabInternal: {fileID: 0}
  m_GameObject: {fileID: 1896026095}
  m_Enabled: 1
  serializedVersion: 3
  m_RenderMode: 1
  m_Camera: {fileID: 748248475}
  m_PlaneDistance: 100
  m_PixelPerfect: 0
  m_ReceivesEvents: 1
  m_OverrideSorting: 0
  m_OverridePixelPerfect: 0
  m_SortingBucketNormalizedSize: 0
  m_AdditionalShaderChannelsFlag: 25
  m_SortingLayerID: 0
  m_SortingOrder: 0
  m_TargetDisplay: 0
--- !u!114 &1896026098
MonoBehaviour:
  m_ObjectHideFlags: 0
  m_PrefabParentObject: {fileID: 114069254067104438, guid: 23dea4e06510ec64f9ac7470a7ac81c1,
    type: 2}
  m_PrefabInternal: {fileID: 0}
  m_GameObject: {fileID: 1896026095}
  m_Enabled: 1
  m_EditorHideFlags: 0
  m_Script: {fileID: 1301386320, guid: f70555f144d8491a825f0804e09c671c, type: 3}
  m_Name: 
  m_EditorClassIdentifier: 
  m_IgnoreReversedGraphics: 1
  m_BlockingObjects: 0
  m_BlockingMask:
    serializedVersion: 2
    m_Bits: 4294967295
--- !u!114 &1896026099
MonoBehaviour:
  m_ObjectHideFlags: 0
  m_PrefabParentObject: {fileID: 114623168995941512, guid: 23dea4e06510ec64f9ac7470a7ac81c1,
    type: 2}
  m_PrefabInternal: {fileID: 0}
  m_GameObject: {fileID: 1896026095}
  m_Enabled: 1
  m_EditorHideFlags: 0
  m_Script: {fileID: 1980459831, guid: f70555f144d8491a825f0804e09c671c, type: 3}
  m_Name: 
  m_EditorClassIdentifier: 
  m_UiScaleMode: 1
  m_ReferencePixelsPerUnit: 100
  m_ScaleFactor: 1
  m_ReferenceResolution: {x: 1080, y: 1920}
  m_ScreenMatchMode: 0
  m_MatchWidthOrHeight: 0
  m_PhysicalUnit: 3
  m_FallbackScreenDPI: 96
  m_DefaultSpriteDPI: 96
  m_DynamicPixelsPerUnit: 1
--- !u!1 &1907484146
GameObject:
  m_ObjectHideFlags: 0
  m_PrefabParentObject: {fileID: 0}
  m_PrefabInternal: {fileID: 0}
  serializedVersion: 5
  m_Component:
  - component: {fileID: 1907484147}
  - component: {fileID: 1907484149}
  - component: {fileID: 1907484148}
  m_Layer: 5
  m_Name: StartLabel
  m_TagString: Untagged
  m_Icon: {fileID: 0}
  m_NavMeshLayer: 0
  m_StaticEditorFlags: 0
  m_IsActive: 1
--- !u!224 &1907484147
RectTransform:
  m_ObjectHideFlags: 0
  m_PrefabParentObject: {fileID: 0}
  m_PrefabInternal: {fileID: 0}
  m_GameObject: {fileID: 1907484146}
  m_LocalRotation: {x: -0, y: -0, z: -0, w: 1}
  m_LocalPosition: {x: 0, y: 0, z: 0}
  m_LocalScale: {x: 1, y: 1, z: 1}
  m_Children: []
  m_Father: {fileID: 39501779}
  m_RootOrder: 0
  m_LocalEulerAnglesHint: {x: 0, y: 0, z: 0}
  m_AnchorMin: {x: 0, y: 1}
  m_AnchorMax: {x: 1, y: 1}
  m_AnchoredPosition: {x: 0, y: 0}
  m_SizeDelta: {x: -16, y: 64}
  m_Pivot: {x: 0.5, y: 1}
--- !u!114 &1907484148
MonoBehaviour:
  m_ObjectHideFlags: 0
  m_PrefabParentObject: {fileID: 0}
  m_PrefabInternal: {fileID: 0}
  m_GameObject: {fileID: 1907484146}
  m_Enabled: 1
  m_EditorHideFlags: 0
  m_Script: {fileID: 708705254, guid: f70555f144d8491a825f0804e09c671c, type: 3}
  m_Name: 
  m_EditorClassIdentifier: 
  m_Material: {fileID: 0}
  m_Color: {r: 0.19607843, g: 0.19607843, b: 0.19607843, a: 1}
  m_RaycastTarget: 1
  m_OnCullStateChanged:
    m_PersistentCalls:
      m_Calls: []
    m_TypeName: UnityEngine.UI.MaskableGraphic+CullStateChangedEvent, UnityEngine.UI,
      Version=1.0.0.0, Culture=neutral, PublicKeyToken=null
  m_FontData:
    m_Font: {fileID: 10102, guid: 0000000000000000e000000000000000, type: 0}
    m_FontSize: 56
    m_FontStyle: 1
    m_BestFit: 0
    m_MinSize: 5
    m_MaxSize: 56
    m_Alignment: 0
    m_AlignByGeometry: 0
    m_RichText: 1
    m_HorizontalOverflow: 0
    m_VerticalOverflow: 0
    m_LineSpacing: 1
  m_Text: Once upon a time
--- !u!222 &1907484149
CanvasRenderer:
  m_ObjectHideFlags: 0
  m_PrefabParentObject: {fileID: 0}
  m_PrefabInternal: {fileID: 0}
  m_GameObject: {fileID: 1907484146}
--- !u!1 &2041188682
GameObject:
  m_ObjectHideFlags: 0
  m_PrefabParentObject: {fileID: 1571575535031464, guid: 23dea4e06510ec64f9ac7470a7ac81c1,
    type: 2}
  m_PrefabInternal: {fileID: 0}
  serializedVersion: 5
  m_Component:
  - component: {fileID: 2041188683}
  - component: {fileID: 2041188686}
  - component: {fileID: 2041188685}
  - component: {fileID: 2041188684}
  m_Layer: 5
  m_Name: Scrollbar Vertical
  m_TagString: Untagged
  m_Icon: {fileID: 0}
  m_NavMeshLayer: 0
  m_StaticEditorFlags: 0
  m_IsActive: 1
--- !u!224 &2041188683
RectTransform:
  m_ObjectHideFlags: 0
  m_PrefabParentObject: {fileID: 224402863768925420, guid: 23dea4e06510ec64f9ac7470a7ac81c1,
    type: 2}
  m_PrefabInternal: {fileID: 0}
  m_GameObject: {fileID: 2041188682}
  m_LocalRotation: {x: 0, y: 0, z: 0, w: 1}
  m_LocalPosition: {x: 0, y: 0, z: 0}
  m_LocalScale: {x: 1, y: 1, z: 1}
  m_Children:
  - {fileID: 1194699411}
  m_Father: {fileID: 2073269380}
  m_RootOrder: 1
  m_LocalEulerAnglesHint: {x: 0, y: 0, z: 0}
  m_AnchorMin: {x: 1, y: 0}
  m_AnchorMax: {x: 1, y: 1}
  m_AnchoredPosition: {x: 0, y: 0}
  m_SizeDelta: {x: 20, y: -17}
  m_Pivot: {x: 1, y: 1}
--- !u!114 &2041188684
MonoBehaviour:
  m_ObjectHideFlags: 0
  m_PrefabParentObject: {fileID: 114726538084646684, guid: 23dea4e06510ec64f9ac7470a7ac81c1,
    type: 2}
  m_PrefabInternal: {fileID: 0}
  m_GameObject: {fileID: 2041188682}
  m_Enabled: 1
  m_EditorHideFlags: 0
  m_Script: {fileID: -2061169968, guid: f70555f144d8491a825f0804e09c671c, type: 3}
  m_Name: 
  m_EditorClassIdentifier: 
  m_Navigation:
    m_Mode: 3
    m_SelectOnUp: {fileID: 0}
    m_SelectOnDown: {fileID: 0}
    m_SelectOnLeft: {fileID: 0}
    m_SelectOnRight: {fileID: 0}
  m_Transition: 1
  m_Colors:
    m_NormalColor: {r: 1, g: 1, b: 1, a: 1}
    m_HighlightedColor: {r: 0.9607843, g: 0.9607843, b: 0.9607843, a: 1}
    m_PressedColor: {r: 0.78431374, g: 0.78431374, b: 0.78431374, a: 1}
    m_DisabledColor: {r: 0.78431374, g: 0.78431374, b: 0.78431374, a: 0.5019608}
    m_ColorMultiplier: 1
    m_FadeDuration: 0.1
  m_SpriteState:
    m_HighlightedSprite: {fileID: 0}
    m_PressedSprite: {fileID: 0}
    m_DisabledSprite: {fileID: 0}
  m_AnimationTriggers:
    m_NormalTrigger: Normal
    m_HighlightedTrigger: Highlighted
    m_PressedTrigger: Pressed
    m_DisabledTrigger: Disabled
  m_Interactable: 1
  m_TargetGraphic: {fileID: 866076806}
  m_HandleRect: {fileID: 866076805}
  m_Direction: 2
  m_Value: 0
  m_Size: 0.8495575
  m_NumberOfSteps: 0
  m_OnValueChanged:
    m_PersistentCalls:
      m_Calls: []
    m_TypeName: UnityEngine.UI.Scrollbar+ScrollEvent, UnityEngine.UI, Version=1.0.0.0,
      Culture=neutral, PublicKeyToken=null
--- !u!114 &2041188685
MonoBehaviour:
  m_ObjectHideFlags: 0
  m_PrefabParentObject: {fileID: 114029585853552770, guid: 23dea4e06510ec64f9ac7470a7ac81c1,
    type: 2}
  m_PrefabInternal: {fileID: 0}
  m_GameObject: {fileID: 2041188682}
  m_Enabled: 1
  m_EditorHideFlags: 0
  m_Script: {fileID: -765806418, guid: f70555f144d8491a825f0804e09c671c, type: 3}
  m_Name: 
  m_EditorClassIdentifier: 
  m_Material: {fileID: 0}
  m_Color: {r: 1, g: 1, b: 1, a: 1}
  m_RaycastTarget: 1
  m_OnCullStateChanged:
    m_PersistentCalls:
      m_Calls: []
    m_TypeName: UnityEngine.UI.MaskableGraphic+CullStateChangedEvent, UnityEngine.UI,
      Version=1.0.0.0, Culture=neutral, PublicKeyToken=null
  m_Sprite: {fileID: 10907, guid: 0000000000000000f000000000000000, type: 0}
  m_Type: 1
  m_PreserveAspect: 0
  m_FillCenter: 1
  m_FillMethod: 4
  m_FillAmount: 1
  m_FillClockwise: 1
  m_FillOrigin: 0
--- !u!222 &2041188686
CanvasRenderer:
  m_ObjectHideFlags: 0
  m_PrefabParentObject: {fileID: 222925814621232672, guid: 23dea4e06510ec64f9ac7470a7ac81c1,
    type: 2}
  m_PrefabInternal: {fileID: 0}
  m_GameObject: {fileID: 2041188682}
--- !u!1 &2055953448
GameObject:
  m_ObjectHideFlags: 0
  m_PrefabParentObject: {fileID: 1827063854809326, guid: ae5a6dcc615f49341b0be1c03268a961,
    type: 2}
  m_PrefabInternal: {fileID: 0}
  serializedVersion: 5
  m_Component:
  - component: {fileID: 2055953449}
  - component: {fileID: 2055953450}
  m_Layer: 5
  m_Name: InputField
  m_TagString: Untagged
  m_Icon: {fileID: 0}
  m_NavMeshLayer: 0
  m_StaticEditorFlags: 0
  m_IsActive: 1
--- !u!224 &2055953449
RectTransform:
  m_ObjectHideFlags: 0
  m_PrefabParentObject: {fileID: 224140689169862108, guid: ae5a6dcc615f49341b0be1c03268a961,
    type: 2}
  m_PrefabInternal: {fileID: 0}
  m_GameObject: {fileID: 2055953448}
  m_LocalRotation: {x: -0, y: -0, z: -0, w: 1}
  m_LocalPosition: {x: 0, y: 0, z: 0}
  m_LocalScale: {x: 1, y: 1, z: 1}
  m_Children:
  - {fileID: 80658339}
  - {fileID: 58596571}
  m_Father: {fileID: 39501779}
  m_RootOrder: 1
  m_LocalEulerAnglesHint: {x: 0, y: 0, z: 0}
  m_AnchorMin: {x: 0, y: 0}
  m_AnchorMax: {x: 1, y: 1}
  m_AnchoredPosition: {x: 0, y: -0.00024414062}
  m_SizeDelta: {x: 0, y: -80}
  m_Pivot: {x: 0.5, y: 0}
--- !u!114 &2055953450
MonoBehaviour:
  m_ObjectHideFlags: 0
  m_PrefabParentObject: {fileID: 114214897713439922, guid: ae5a6dcc615f49341b0be1c03268a961,
    type: 2}
  m_PrefabInternal: {fileID: 0}
  m_GameObject: {fileID: 2055953448}
  m_Enabled: 1
  m_EditorHideFlags: 0
  m_Script: {fileID: 11500000, guid: ab25112ac4e182644964306dd56760cc, type: 3}
  m_Name: 
  m_EditorClassIdentifier: 
  m_Navigation:
    m_Mode: 3
    m_SelectOnUp: {fileID: 0}
    m_SelectOnDown: {fileID: 0}
    m_SelectOnLeft: {fileID: 0}
    m_SelectOnRight: {fileID: 0}
  m_Transition: 1
  m_Colors:
    m_NormalColor: {r: 1, g: 1, b: 1, a: 1}
    m_HighlightedColor: {r: 1, g: 1, b: 1, a: 1}
    m_PressedColor: {r: 1, g: 1, b: 1, a: 1}
    m_DisabledColor: {r: 0.78431374, g: 0.78431374, b: 0.78431374, a: 1}
    m_ColorMultiplier: 1
    m_FadeDuration: 0.1
  m_SpriteState:
    m_HighlightedSprite: {fileID: 0}
    m_PressedSprite: {fileID: 0}
    m_DisabledSprite: {fileID: 0}
  m_AnimationTriggers:
    m_NormalTrigger: Normal
    m_HighlightedTrigger: Highlighted
    m_PressedTrigger: Pressed
    m_DisabledTrigger: Disabled
  m_Interactable: 1
  m_TargetGraphic: {fileID: 80658340}
  textRenderer: {fileID: 58596572}
  processedTextRenderer: {fileID: 1141499662}
  caretRenderer: {fileID: 306020557}
  selectionRenderer: {fileID: 533929109}
  text: 
  placeholderText: Prologue...
  characterLimit: 0
  contentType: 11
  lineType: 2
  inputType: 0
  keyboardType: 0
  characterValidation: 7
  lineCount: 0
  liveProcessingFilter: {fileID: 0}
  postProcessingFilter: {fileID: 0}
  caretOnBeginEdit: 0
  caretBlinkRate: 1
  caretWidth: 2
  caretColor: {r: 0.19607843, g: 0.19607843, b: 0.19607843, a: 1}
  selectionColor: {r: 0.65882355, g: 0.80784315, b: 1, a: 0.7529412}
  readOnly: 0
  onSelectionChanged:
    m_PersistentCalls:
      m_Calls: []
    m_TypeName: AdvancedInputFieldPlugin.AdvancedInputField+SelectionChangedEvent,
      Assembly-CSharp-firstpass, Version=0.0.0.0, Culture=neutral, PublicKeyToken=null
  onBeginEdit:
    m_PersistentCalls:
      m_Calls: []
    m_TypeName: AdvancedInputFieldPlugin.AdvancedInputField+BeginEditEvent, Assembly-CSharp-firstpass,
      Version=0.0.0.0, Culture=neutral, PublicKeyToken=null
  onEndEdit:
    m_PersistentCalls:
      m_Calls: []
    m_TypeName: AdvancedInputFieldPlugin.AdvancedInputField+EndEditEvent, Assembly-CSharp-firstpass,
      Version=0.0.0.0, Culture=neutral, PublicKeyToken=null
  onValueChanged:
    m_PersistentCalls:
      m_Calls: []
    m_TypeName: AdvancedInputFieldPlugin.AdvancedInputField+ValueChangedEvent, Assembly-CSharp-firstpass,
      Version=0.0.0.0, Culture=neutral, PublicKeyToken=null
  onCaretPositionChanged:
    m_PersistentCalls:
      m_Calls: []
    m_TypeName: AdvancedInputFieldPlugin.AdvancedInputField+CaretPositionChangedEvent,
      Assembly-CSharp-firstpass, Version=0.0.0.0, Culture=neutral, PublicKeyToken=null
  onTextSelectionChanged:
    m_PersistentCalls:
      m_Calls: []
    m_TypeName: AdvancedInputFieldPlugin.AdvancedInputField+TextSelectionChangedEvent,
      Assembly-CSharp-firstpass, Version=0.0.0.0, Culture=neutral, PublicKeyToken=null
  actionBar: 1
  actionBarCut: 1
  actionBarCopy: 1
  actionBarPaste: 1
  actionBarSelectAll: 1
  selectionCursors: 1
  autocapitalizationType: 0
  nextInputField: {fileID: 621891920}
--- !u!1 &2073269379
GameObject:
  m_ObjectHideFlags: 0
  m_PrefabParentObject: {fileID: 1865144998847246, guid: 23dea4e06510ec64f9ac7470a7ac81c1,
    type: 2}
  m_PrefabInternal: {fileID: 0}
  serializedVersion: 5
  m_Component:
  - component: {fileID: 2073269380}
  - component: {fileID: 2073269384}
  - component: {fileID: 2073269383}
  - component: {fileID: 2073269382}
  - component: {fileID: 2073269381}
  m_Layer: 5
  m_Name: ScrollView
  m_TagString: Untagged
  m_Icon: {fileID: 0}
  m_NavMeshLayer: 0
  m_StaticEditorFlags: 0
  m_IsActive: 1
--- !u!224 &2073269380
RectTransform:
  m_ObjectHideFlags: 0
  m_PrefabParentObject: {fileID: 224436727417915238, guid: 23dea4e06510ec64f9ac7470a7ac81c1,
    type: 2}
  m_PrefabInternal: {fileID: 0}
  m_GameObject: {fileID: 2073269379}
  m_LocalRotation: {x: -0, y: -0, z: -0, w: 1}
  m_LocalPosition: {x: 0, y: 0, z: 0}
  m_LocalScale: {x: 1, y: 1, z: 1}
  m_Children:
  - {fileID: 838936606}
  - {fileID: 2041188683}
  m_Father: {fileID: 1896026096}
  m_RootOrder: 0
  m_LocalEulerAnglesHint: {x: 0, y: 0, z: 0}
  m_AnchorMin: {x: 0, y: 0}
  m_AnchorMax: {x: 1, y: 1}
  m_AnchoredPosition: {x: 0, y: 0}
  m_SizeDelta: {x: 0, y: 0}
  m_Pivot: {x: 0.5, y: 0.5}
--- !u!114 &2073269381
MonoBehaviour:
  m_ObjectHideFlags: 0
  m_PrefabParentObject: {fileID: 114001280996097608, guid: 23dea4e06510ec64f9ac7470a7ac81c1,
    type: 2}
  m_PrefabInternal: {fileID: 0}
  m_GameObject: {fileID: 2073269379}
  m_Enabled: 1
  m_EditorHideFlags: 0
  m_Script: {fileID: 11500000, guid: c13d18679356f344caeaec4479490067, type: 3}
  m_Name: 
  m_EditorClassIdentifier: 
  canvas: {fileID: 1896026097}
  camera: {fileID: 748248475}
  keyboardScrollMode: 0
  transitionTime: 0.5
  normalizedOffsetY: 0.025
--- !u!114 &2073269382
MonoBehaviour:
  m_ObjectHideFlags: 0
  m_PrefabParentObject: {fileID: 114665734185316904, guid: 23dea4e06510ec64f9ac7470a7ac81c1,
    type: 2}
  m_PrefabInternal: {fileID: 0}
  m_GameObject: {fileID: 2073269379}
  m_Enabled: 1
  m_EditorHideFlags: 0
  m_Script: {fileID: -765806418, guid: f70555f144d8491a825f0804e09c671c, type: 3}
  m_Name: 
  m_EditorClassIdentifier: 
  m_Material: {fileID: 0}
  m_Color: {r: 1, g: 1, b: 1, a: 0.392}
  m_RaycastTarget: 1
  m_OnCullStateChanged:
    m_PersistentCalls:
      m_Calls: []
    m_TypeName: UnityEngine.UI.MaskableGraphic+CullStateChangedEvent, UnityEngine.UI,
      Version=1.0.0.0, Culture=neutral, PublicKeyToken=null
  m_Sprite: {fileID: 10907, guid: 0000000000000000f000000000000000, type: 0}
  m_Type: 1
  m_PreserveAspect: 0
  m_FillCenter: 1
  m_FillMethod: 4
  m_FillAmount: 1
  m_FillClockwise: 1
  m_FillOrigin: 0
--- !u!222 &2073269383
CanvasRenderer:
  m_ObjectHideFlags: 0
  m_PrefabParentObject: {fileID: 222411994284408130, guid: 23dea4e06510ec64f9ac7470a7ac81c1,
    type: 2}
  m_PrefabInternal: {fileID: 0}
  m_GameObject: {fileID: 2073269379}
--- !u!114 &2073269384
MonoBehaviour:
  m_ObjectHideFlags: 0
  m_PrefabParentObject: {fileID: 114696461062530690, guid: 23dea4e06510ec64f9ac7470a7ac81c1,
    type: 2}
  m_PrefabInternal: {fileID: 0}
  m_GameObject: {fileID: 2073269379}
  m_Enabled: 1
  m_EditorHideFlags: 0
  m_Script: {fileID: 1367256648, guid: f70555f144d8491a825f0804e09c671c, type: 3}
  m_Name: 
  m_EditorClassIdentifier: 
  m_Content: {fileID: 1485469174}
  m_Horizontal: 0
  m_Vertical: 1
  m_MovementType: 1
  m_Elasticity: 0.1
  m_Inertia: 1
  m_DecelerationRate: 0.135
  m_ScrollSensitivity: 1
  m_Viewport: {fileID: 838936606}
  m_HorizontalScrollbar: {fileID: 0}
  m_VerticalScrollbar: {fileID: 2041188684}
  m_HorizontalScrollbarVisibility: 2
  m_VerticalScrollbarVisibility: 1
  m_HorizontalScrollbarSpacing: -3
  m_VerticalScrollbarSpacing: -3
  m_OnValueChanged:
    m_PersistentCalls:
      m_Calls: []
    m_TypeName: UnityEngine.UI.ScrollRect+ScrollRectEvent, UnityEngine.UI, Version=1.0.0.0,
      Culture=neutral, PublicKeyToken=null
